3526 5397
274 557 1153 153 requeste est ottroye pour le uieillart. mais

274 683 1153 108 ainsi cõe tu as ieune et es amesgri. aussi se

274 751 1153 126 doit il tourmenter ꝑ ieunes pour estre saul

283 836 1144 117 ue et si fist, car il ieuna six mois en pain

283 930 1144 108 ⁊ en eaue et apres il reposa en paix plaĩ de

279 1011 1148 104 bõne meurs ⁊ de bõnes euures ⁊ adõc uĩt

279 1083 1148 113 une uoix qui dist i ay acqͥs nicolas par tes

274 1164 1153 95 bões prieres ⁊ oraisons leq̃l i auoye pardu.

274 1245 1153 99 Ung ieune hõe crestien dist a saĩt andri ma

274 1317 1153 122 mere ma ueu beau ⁊ m a reqͥs q̃ ie peschasse

283 1407 1144 99 auec elle. ⁊ quãt ie ne m y uoulu cõsẽtir en

283 1488 1144 99 nulle maniere elle est allee au iuge ⁊ ueult

274 1556 1153 117 retourner le pecher a moy pries pour moy q̃

279 1646 1148 112 ie ne meure si desloyalemẽt car quant ie se

283 1727 1144 103 ray accuse ie seray tͥste ⁊ me tairay du tout

279 1799 1148 112 de parler, i ayme myeulx mourir que diffa

274 1870 1153 117 mer si laidement ma mere ⁊ adonc uint en

279 1960 1148 108 iugemẽt auec saint audri et la mere accu-

270 2032 1157 108 sa fermemẽt son filz qu il la uouloit corrũ-

279 2109 1148 121 pre. Et on lui demanda plusieurs fois s il

274 2203 1153 99 estoit ainsi. Et il ne respondit nulle chose ⁊

265 2266 1162 108 adõc saĩt andri lui dist. Tu es la plꝰ cruel

274 2361 1153 103 le des fẽmes quãt pour ta luxure ueulx pe

288 2442 1139 108 rir ton filz Et adonc dit ceste fẽme au pre-

270 2505 1157 117 uost. Sire puisq̃ mon filz uint a cest hõme

274 2604 1153 98 il m a uoulu ce faire mais il ne peut. ⁊ adõc

279 2680 1148 99 le preuost cõmanda que le filz fust mis en

283 2761 1144 99 ung sac oĩg de poix ⁊ de gluz ⁊ gette ẽ ung

288 2828 1139 117 fleuue Et fist mettre saĩt andri en la char

265 2914 1162 108 tre tãt qͥl eut pense commẽt il le tourmẽte-

274 2999 1153 99 roit. Et saĩt andri fist sõ oraisõ et ung ton

283 3067 1144 121 noire horrible aduĩt qͥ fort l espouenta par

274 3143 1153 122 la terre qui trembla tres fort. Et la femme

265 3238 1162 108 fut ferue de la tẽpeste ⁊ ap̃s scicha et mou

283 3310 1144 108 rut, Et les autres prierent a l opostre qu ilz

261 3382 1166 117 ne perissent. et il pria pour eulx et tout ces

265 3472 1162 108 sa. Et adonc le preuost creut en dieu et tou

270 3553 1157 112 te sa mesgnie. Si comme l apostre estoit en

279 3633 1148 108 la cite de Nice ⁊ les citoiens lui dirent que

283 3710 1144 112 sept diables estoiẽt hors de la cite qui tuoy

265 3795 1162 99 ent tous les hõmes passãs. et ilz uindrent

274 3858 1153 122 tous par le cõmãdemẽt de l apostre en for-

261 3953 1166 112 me de chien et puis il leur cõmanda que ilz

265 4034 1160 94 alassẽt la ou il ne feissent mal a personne.

270 4101 1157 102 et tantost apres il se esuanouirẽ. Et quãt

261 4182 1157 239 ilz uirent. ilz creuerent la foy de iesu crist

1107 431 460 140 De saint andri.

1463 616 1180 108 ⁊ quãt l apostre uint a la porte d une autre.

1463 692 1184 95 cite l en aportoit ung ieune hõme mort Et

1468 769 1184 103 l apostre demanda qͥl estoit aduenu a cestui

1472 850 1175 107 hõme Et on lui dit sept chiẽs uindrẽt qͥ l es-

1468 935 1179 99 tranglerent. Et adonques dit l apostre en

1468 1011 1170 108 pleurant moult tendrement. Sire dieu ie

1472 1092 1166 104 scay bien q̃ ce furent les diables que ie bou

1463 1160 1175 108 tay hors de la cite de nice. Et adoncq̃s dist

1459 1245 1184 104 au pere d icelui. Que me donneras tu se ie

1472 1331 1166 99 le ressuscite. Et il luy dist. Ie n ay si chere

1459 1403 1175 108 chose cõme luy ie le te donneray. Et adouc

1459 1479 1179 108 ques l apostre fit son oraison ⁊ il ressuscita

1468 1560 1175 99 le dit hõme. lequel s en alla auecq̃s l apostre

1472 1650 1166 95 Quarante hommes par nom uindrent de

1459 1713 1170 108 uers l apostre nageãs par mer pour recep-

1472 1794 1157 103 uoir de lui la doctrine de la foy. Et le dia-

1463 1875 1175 108 ale esmeut tempeste en la mer, si que tous

1481 1965 1157 103 furent noyes ensemble. Et quãt les corps

1472 2032 1171 113 furẽt arriuez en la riue de la mer ilz furent

1459 2109 1161 112 aportez deuãt l apostre. Lesquelz furent tã

1468 2199 1166 108 tost ressuscitez, et ilz dirent tout ce qui leur

1459 2275 1170 104 estoit aduenu. ⁋ Et pour ce lyst on en une

1459 2343 1166 117 hymne qu il rendit la uie a quarante iouuẽ

1459 2433 1157 99 ceaulx noyez en la mer. Et le benoist an-

1468 2514 1166 103 dri tant qu il fut en achaie il la remplit tou

1472 2586 1157 116 te de glaiues. ⁊ cõuertist le pleuple a la foy

1468 2671 1161 117 de iesu crist. ⁊ enseigna la femme de egee le

1468 2756 1148 104 preuost en la foy et la baptiza Et quãt egee

1468 2828 1148 113 ouyt ce il uint en la cite de Patras ⁊ cõtrai

1477 2914 1152 99 gnit les crestiens de sacrifier Et saint an-

1468 2981 1157 126 dri lui dist en telle maniere ⁋ Il cõuiẽt que

1459 3062 1161 113 toy qui as deserui estre iuge cõgnoisses tõ

1468 3161 1148 104 iuge qui est es cieulx ⁊ que celui cõgneu tu

1459 3229 1161 108 le adores ⁊ q̃ en l adorẽt retraies ton coura

1472 3314 1153 113 ge des faulx dieux. Et egee luy dist. Tu

1459 3382 1161 108 es andri qui presche une faulce loy que les

1468 3463 1152 126 prĩces de rõme ont cõmãde estre destruicte

1459 3548 1157 103 Auquel saĩt andri dist Les princes de rom

1459 3624 1161 122 me ne sceurent oncques comment le filz de

1459 3705 1161 113 dieu uĩt. et bref il enseigna que les ydoles

1468 3795 1161 113 sont diables. Et ceulx qui enseignent ces

1468 3872 1152 112 choses courrussent dieu. Et lui courrous-

1459 3944 1170 117 se se part d auecques eulx, Affin qu il ne

1459 4029 1175 97 les oyes ⁋ Et pour ce sont ilz ainsi captiues

1459 4101 1181 102 du diable. et sont tant illusez abnses et de-

1459 4178 1175 166 ceuz. qu ilz yssent du corps tous nudz, et ne

2233 449 369 117 Fueillet.ix
