3534 5421
275 569 1148 140 Quant le messagier ouit ce il fut forment

275 673 1148 117 espouente. et recorda deuant tous ce qu il a

275 749 1144 122 uoit ouy. dont tous se esmerueillerent et se

284 844 1144 104 esbahyrent. Et lors l ancien ennemy s esua

280 926 1148 90 nouyt d entre eulx Et lors l euesque reuint

271 989 1157 108 a luy et le reprint amerement ⁊ prieoit a di

280 1070 1148 104 cu qu il lui pardonnast son peche. Et ẽuoia

280 1138 1148 117 ung messager pour mettre le pelerĩ dedãs

262 1224 1166 108 mais il ne fut onc puis trouue. Lors l eues

275 1319 1153 94 que assembla le peuple. et leur dit la mani

266 1391 1162 104 ere de ceste chose en leur priant qu ilz fussẽt

271 1463 1157 104 tous en prieres et oraison. affĩ q̃ nostre sei

266 1544 1162 118 gneur daignaist reueler a aucun quel pele

262 1626 1166 104 rin ce auoit este qͥ l auoit deliure de si grant

262 1712 1161 104 peril. Et lors fut reuele celle nuyt a l euesq̃

275 1779 1153 109 que ce auoit este saĩt andry qui s estoit mis

275 1861 1153 104 en habit de pelerin pour la deliurãce de luy

266 1947 1162 103 Et lors cõmenca a l euesque a auoir deuotiõ

262 2019 1161 108 ⁊ reuerence au benoist saint andry. Le pre

262 2105 1166 99 uost d une cite auoit oste ung chãp a l eglise

257 2177 1157 117 saĩt andry. et pour ce estoit cheu en forte fi

266 2258 1162 109 eure. Lors fist priere a l euesque qu il priast

262 2335 1152 118 poiur luy et qu il lui rendroit le champ. Et

266 2425 1148 100 quant l euesque eut prie pour lui ⁊ qu il eut

257 2489 1157 126 sante. il osta arriere le champ Et lors l eues

253 2579 1161 99 que se mist en oraison et rompit toutes les

262 2660 1147 100 lampes de l eglise. et dist. Il n y aura mes-

257 2737 1152 104 huy lampe alumee, deuant que nostre sei-

253 2814 1152 108 gneur soit uenge de son ennemy et que l e-

257 2900 1152 104 glise ait recouure ce qu elle a perdu Et lors

257 2977 1152 103 le preuost de rechief fut formẽt malade de

248 3040 1161 131 fieures ⁊ enuoya a l euesque par messages

248 3135 1157 104 qu il priast paur la sante de luy. et il lui ren

248 3207 1157 113 droit le champ et ung autre semblable Au

253 3293 1152 108 quel l euesque respõdit. I ay desia prie pour

244 3370 1156 103 luy ⁊ nostre seigneur me exaulsa. ⁊ il osta

244 3433 1156 122 arriere le chãp. Lors le preuost se fist apor-

248 3523 1152 104 ter a lui. et contraignist l euesque entrer en

244 3591 1152 131 l eglise et tantost celui mourrust. et le chãp

248 3681 597 127 fut restabli a l eglise.

239 3907 1175 208 ⁋ L interpretacion du nom saint nicolas

962 424 524 136 De saint Nicolas

1884 582 737 140 Icolas est dit de nicos. uic

1879 673 742 126 toire, et laos peuple. car il

1879 758 733 127 fut uictorieux pour le peu-

1473 584 397 358 N

1473 894 1134 117 rieusement uaincre les peches. Du il est

1884 840 728 104 ple et leur enseigna a uicto

1455 989 1161 122 dit a nitor splendeur. et laos peuple, car il

1468 1066 1130 122 eut en soy parolle diuine. uraye confession

1464 1156 1143 113 saincte pensee. et bonne operacion. car ain

1473 1224 1134 126 si que dit saint ambroise, resplendissent et

1464 1314 1148 113 nectoye l ame Les docteurs grecz de la cite

1477 1391 1130 117 que ysidore nõme argos. escripuirent sa le

1477 1477 1121 108 gende. Les autres dient que ce fut Metho

1468 1544 1130 109 dien patriarche qui la fist en grec. et iehã

1477 1626 1130 117 diacre la translata en latin. et y adiouxta

1464 1707 1148 122 plusieurs choses. Nicolas fut feruẽt en l a

1477 1797 1135 100 mour de dieu. ꝑquoy il merita obtenir plu

1473 1870 1134 108 sieurs dignes uertus lesquelles seront cy

1473 1942 1143 113 apres declaires affin que les lisans y puis

1477 2037 1135 104 seut prendre aucune recreacion ⁊ aucũ bon

1473 2105 1143 108 exemple et tellement y profiter qu ilz puis-

1473 2186 1148 108 sẽt en la fin de leurs iours par les merites

1468 2263 981 131 saint nicolas auoir la ioye suꝑnelle

1559 2430 885 194 ⁋ Legende dudit saint nicolas

2124 2751 501 113 Icolas citoyẽ de

1880 2736 255 281 N

2128 2827 484 104 la cite de patras

1848 2981 768 118 saints parens et amys. son

2114 2904 493 122 fut ne des saiges

1848 3058 764 113 pere eut nom epiphanus. et

1848 3139 764 118 sa mere iehanne. Lesquelz

1843 3207 769 117 l engendrerent en la p̃miere

1468 3351 1139 141 uesquirent en continence ⁊ menerẽt uie ce

1852 3284 760 135 fleur de leur eage. Et puis

1468 3446 1139 122 lestielle. Et le p̃mier iour qu il fut ne que lẽ

1468 3528 1085 126 le baignoit, il se dressa debout au baing

1473 3604 1134 122 Il ne prenoit la mamelle q̃ une fois le me

1468 3690 1130 127 credi. ⁊ une au uendredi. et lui estãt ieune.

1468 3772 1130 117 escheuoit les ioliuetes des autres ieunes.

1468 3844 1126 122 il hãtoit uolẽtiers l eglise en grãt ̃deuociõ.

1468 3925 1135 118 Et tout ce qu il pouoit compredre de la saĩ

1477 4007 1128 98 cte escript᷑e il mettoit a effect. Et quãt ces

1477 4088 1121 108 parens furẽt trespasses il cõmenca a pen

1477 4181 1126 182 ser comment il distriburoit ses richesses et

2164 415 375 136 Fueillet.xi
