3596 5397
918 557 1147 167 nõ pas a la louẽge humaine mais a la gloi

921 709 1157 91 re de dieu. Or est il aĩsi q̃ ung sien uoisĩ es-

922 773 1143 104 toit noble hõe qͥ auoit trois filles uierges.

931 850 1134 121 ⁊ pour la pourete d icelles ensẽble furẽt cõ

927 921 1138 131 traĩtes de aller en peche affĩ q̃ de leur gaĩg

922 1011 1143 113 ⁊ de leur infamete elles fussẽt soustenues

927 1088 1138 112 et quant le saint homme le sceut il eust hor

922 1160 1143 112 teur de ceste felonnie. Et getta la nuyt se-

931 1232 1134 121 cretement en la maison de celuy une ma-

927 1322 1138 121 se d or enueloppee en ung drapeau. E quãt

931 1394 1134 126 l omme se leua au matĩ il trouua celle mas

931 1484 1134 121 se et rendit graces a dieu, si en maria son

931 1565 1134 103 aisnee fille. et par moult peu de temps ap̃s

936 1641 1129 108 le seruiteur de dieu fist sembable euure ce

931 1718 1134 112 lui le trouua et rendit graces a dieu. Et ꝓ

931 1794 1134 117 posa ueiller. pour sauoir qui estoit celluy qͥ

931 1879 1134 117 lui auoit ayde en sa pourete Et peu de tẽps

940 1951 1125 113 apres nicolas doubla la masse d or et la get

931 2028 1134 121 ta en la maison d icellui leq̃l s esueilla au sõ

936 2118 1129 99 du cheoir et suiuit nicolas qui s ensuioit en

931 2190 1134 121 disant ainsi. Sire ne t enfuy pas affin q̃ ie

931 2271 1134 112 te uoye. Et lors courrut plꝰ hastiuement ⁊

940 2352 1125 108 congneut q̃ c estoit nicolas si se agenouilla

940 2411 1143 134 a terre et luy uoulut baiser les piedz. Et il

927 2509 1138 113 lui denia ⁊ lui reqͥst qͥl ne dist ceste chose a ꝑ

936 2590 1129 117 sonne tant comme il uesquist Apres ce le-

927 2676 1138 103 uesq̃ de la cite de mirre mourut si se assem

927 2747 1138 108 blerent les prelatz. pour pourueoir a celle

931 2824 1134 108 eglise d euesq̃. Et la estoit entre les autres

931 2905 1134 112 ung euesq̃ de grãt auctorite a qui toute l e

922 2977 1143 117 lection appartenoit. Et ainsi comme il les

922 3053 1143 113 eut tous amonnestes d estre en ieunes; bõ-

922 3134 1143 113 nes prieres et oraisons. celui euesque ouit

922 3224 1143 99 celle nuit une uoix qui lui dist que a l eure

918 3292 1147 117 de matines il gardast les portes de l eglise

927 3377 1138 117 et que celui qui premier uiendroit a l eglise

922 3454 1143 112 qui auroit nõ nicolas il le sacrast euesque

927 3539 1138 103 Et adonc reuela ceste chose aux autres pre

918 3611 1147 117 latz; et les admonnesta de estre tous en de

918 3696 1147 113 uotiõ ⁊ il garderoit les portes Ce fut mer

922 3782 1143 108 ueilleuse chose. car a heure de matines ain

909 3845 1160 102 si comme enuoye de dieu ⁋ Nicolas se leua

909 3926 1156 117 deuant tous les autres. et l euesque le prĩt

909 4002 1156 105 quant il uint la; et lui demanda comment

904 4083 1166 116 est ton nom. et lui qui estoit simple comme

913 4173 1179 216 une coulombe s enclina son chief et dist. Ni

1795 409 558 148 De saint Nicolas

2119 580 1161 135 colas seruiteur de uostre sainctete Et ilz l ẽ

2119 674 1152 117 mererent a l eglise iasoit ce qu il refusast la

2119 751 1157 121 grande dignite forment et le misrent en la

2119 836 1161 99 chaiere Et il en ensniuant ainsi comme de

2115 908 1156 108 uant humilite et honnestete de meurs en

2115 980 1161 121 toutes choses ueilloit en oraison en ames-

2119 1074 1161 102 grissant son corps. Il escheuoit cõpaignie

2133 1140 1147 119 de fẽme. il estoit hõnorable ⁊ hũble en rere

2115 1232 1156 108 uant tous. prouffitable en parler. ioyeulx

2115 1308 1165 108 en admonnestant. dur en corrigeãt On lit

2115 1385 1165 112 en une cronique que saint Nicolas fut au

2115 1466 1165 117 conseil de Nice ⁊ ung iour que aucuns ma

2115 1533 1165 126 riniers perissoient si le prierẽt ainsi a gros

2115 1628 1156 108 ses larmes. Nicolas seruiteur de dieu si les

2115 1709 1156 112 choses sont urayes que nous auons ouyes

2115 1785 1156 112 de toy si les espreuue maintenant. Et tan

2124 1866 1165 108 tost ung homme s apparut en la semblãce

2115 1933 1161 117 de luy et dist Ueez moy cy ne m appeles uoꝰ

2115 2019 1170 117 pas. et leur commenca a aider en leur ex-

2124 2095 1161 122 ploit de la nef. et tantost la tempeste cessa.

2115 2185 1174 108 Et quant ilz furent uenus a son eglise. ilz

2115 2262 1170 112 le congneurent sans demonstre et si ne l a-

2115 2343 1170 108 uoient oncques ueu Et lors rendirent gra

2115 2419 1165 113 ces a dieu ⁊ a lui de leur deliurãce Et il leur

2115 2500 1165 108 dist qu ilz attribuassent a la misericorde de

2115 2581 1170 113 dieu ⁊ leur creãce ⁊ nõ pas a ses merites

2124 2662 1174 99 Il fut ung temps que en toute la prouince

2128 2738 1166 104 de saint nicolas fut si grande famine que

2124 2810 1165 117 la uiãde failloit a tous. Et lors l õme de di

2115 2896 1165 112 eu nicolas ouit que les nefz charges de fro

2128 2977 1175 99 mẽt estoiẽt arriues au port et tãtost il y ala

2142 3058 1156 108 priant les mariniers qu ilz aidassãt au peu

2137 3139 1166 108 ple qͥ peristoit de fain. Au moĩs de cẽt mu-

2137 3215 1166 104 itz en chacune nef. Et ilz luy respondirent

2137 3296 1166 104 Pere nous n oseriõs. car il est mesure en ale

2151 3377 1152 99 xãdrie ⁊ le noꝰ conuiẽt rẽdre aux graniers

2137 3445 1166 112 de l ẽpereur Et le saint hõme leur dist. Fai

2133 3535 1165 98 ctes ce q̃ ie uoꝰ dy; ⁊ ie uous ꝓmetz ꝑ la uer

2124 3597 1174 117 tu de dieux qͥl ne apetissera de riẽs; quãt uoꝰ

2146 3683 1157 112 uiẽdres aux greniers ⁊ ainsi le firent. Et

2137 3773 1170 99 quãt ilz l eurẽt baille uindrẽt aux greniers

2137 3854 1166 99 de l ẽpereur ⁊ rendirent celle mesme mesu-

2146 3930 1161 108 re qu ilz auoyent receue en alexandrie. Et

2133 4011 1179 99 lors raconterent les miracles aux mini-

2137 4088 1170 108 stres de l empereur. et louerẽt forment dieu

2133 4169 1188 175 et son seruiteur. Et l omme de dieu distri-
