3557 5397
841 607 1189 121 douze auecques lui ⁊c. Et apres l ascension

846 710 1184 95 de nostre seigneur iesu crist les apostres fu

841 773 1189 108 rent despartiz. Et saint andry prescha en si

846 863 1184 76 chie. ⁋ Et saiut mathieu en Mourgondie

846 948 1184 90 mais les hões de ce pais reffuserẽt du tout

850 1029 1180 95 le preschement de mathieu Et puis luy cre

855 1106 1175 94 uerent les yeulx; ⁊ le mirẽt en chartre tout

850 1173 1180 113 lye. Entre tant l ange de nostre seigneur ie

855 1254 1175 108 su crist s apparut a saĩt andri ⁊ lui cõmãda

855 1331 1175 103 d aller a mathieu en Mourgondie. Et il re

859 1425 1171 104 spondit en ceste maniere Certes ie ne scay

855 1488 1175 117 point la uoye. Et il lui commanda qu il al

864 1578 1166 104 last en la uoye de la mer et qu il entrast en

864 1650 1166 108 la p̃miere nef qͥl trouueroit. Et il a cõplist

873 1727 1157 107 uoulentiers le commandemẽt que l on luy

864 1812 1166 99 auoit commande Et uint en la cite ꝑ l ãge

873 1897 1157 99 qui le mena et conduist et si eut propre uent

868 1978 1162 108 Et il trouua la chartre saiut mathier tou-

873 2055 1157 99 te ouuerte; et quant il le uit fortement ⁊ la

868 2127 1162 103 doura Et a dõques nostre seigneur iesu crist

873 2217 1157 94 rendit a saĩt mathieu les deux yeulx; que

868 2289 1162 112 la felõnie des pecheurs lui auoit fait oster

868 2365 1162 104 Et a donques mathieu se partit de la ⁊ uĩt

877 2455 1153 95 en antioche. Et andry demoura en Mour-

873 2527 1157 108 gondie. Et ceulx furent couroussez q̃ ma-

877 2613 1153 98 thieu estoit eschape si prindrent andry et le

873 2685 1157 98 trainerent par les places les mains lyees.

877 2761 1153 108 Et si cõme le sang de luy degouttoit il pria

873 2842 1157 103 pour eulx a uostre seigneur iesu crist. ⁊ les

864 2923 1187 94 conuertit par la uertu de son oraison ⁋ Et

868 2999 1162 99 de la uint en antioche. Et ce que l en dit de

868 3076 1162 99 l aueuglemẽt de saint mathieu. Il ne cuy

868 3152 1162 117 de pas estre uray que l euangeliste fut si

868 3238 1162 117 enferme qu il ne peust impetrer a soy ce que

873 3310 1027 103 andry impetra pour lui si legerement

868 3391 1162 121 Si comme ung ieune homme noble se fut

868 3472 1162 108 mis auecques saint andry maugre toꝰ ses

864 3553 1166 107 parens, ilz mirent le feu en la maisõ ou ilz

864 3629 1166 121 demouroit. auec l apostre. ⁋ Et ainsi com

859 3710 1171 117 me la flambe du feu surmontoit ia hault

868 3791 1167 86 l enfant print uug uaisseau plain d eaue ⁊

859 3867 1171 108 arrousa le feu. et tantost le feu estaingnist

855 3948 1175 122 et les parns disoient nostre filz est fait en

864 4029 1166 87 chauteur. Et si comme ilz uouloient mon-

871 4092 1146 126 ter hault par les eschelles. ⁋ Ilz fureut

873 4178 1148 202 si aueuglez qu ilz ne ueoyent pas les eschel

1913 427 477 148 De saint andri.

2097 619 1144 105 les. ⁋ Et a doncques l ung de ceulx ses-

2098 717 1148 92 cria et dist; Pourquoy uous enforcez uous

2089 769 1143 121 cõtre eulx. dieu se combat pour eulx mais

2098 854 1143 112 uous ne le ueez mye. Lessez uous tost que

2093 935 1148 112 lyre de nostre sauueur iesus ne forcene con

2089 1007 1148 117 tre uous. Et moult de ceulx qui le uirent

2093 1097 1144 112 creurent en nostre seigneur. Et les parens

2093 1169 1144 117 de lui moururent dedens cinquante iours

2093 1254 1103 104 apres. et furent mis en ung monument.

2093 1322 1139 117 Une fẽme si estoit adiointe auecques ung

2098 1416 1143 108 homicide et ne pouoit enfanter. si dist a sa

2084 1493 1144 112 seur. Ua si pͥe diane nostre dame pour moy

2093 1569 1144 108 Et celle y ala et la pria et diane lui dist c est

2093 1641 1139 122 assauoir le diable qui estoit en l ydole. pour

2084 1722 1144 117 quoy me pries tu quant ie ne te puis prouf

2098 1812 1139 117 foter ⁋ Mais ua a Andry l apostre qui te

2098 1897 1130 108 pourra bien prouffiter, et aydera a ta seur.

2098 1974 1134 103 et elle ala a luy. et mena sa seur qui peris-

2098 2055 1130 112 soit. Et l apostre luy dist. A bon droit souf-

2093 2122 1139 117 fres tu ceste peine tu te marias mauuaise

2093 2208 1144 117 ment. tu conceuz en tricherie. et te es cõseil

2093 2284 1139 113 le aux dyables. repens toy et croy en iesu-

2093 2361 1135 121 crist. ⁊ tu mettras hors ton enfantement.

2093 2442 1139 112 Et quant elle creut, elle mist hors son en-

2089 2518 1143 122 fant. Ung ancien hõme nicolas par nom

2093 2613 1144 98 ala a l apostre et luy dist. Sire i ay uescu se

2093 2685 1144 107 ptante ans ⁊ tousiours en luxure ⁊ ie prĩs

2089 2756 1143 117 une fois une euangile en depriant dieu qͥl

2089 2842 1143 112 me donnast continẽce doresnauant. mais

2093 2914 1135 126 ie suis enuieilly en ce peche, et plein de ma

2089 2999 1143 117 conuioitise de chair si q̃ i ay retourne a leu-

2089 3085 1143 108 ure acoustumee. Une fois que ie fus enflã

2093 3152 1135 117 be de luxure et alay au bordel et portay l e-

2098 3238 1142 91 uangile sur moy ⁊ tantost la folle femme

2093 3338 1147 98 me dist. ua hors uieillart. car tu es ung an

2093 3420 1140 92 ge de dieu ne uiens point a moy car ie uoy

2094 3481 1135 90 merueilles sur toy ⁋ Et ie fuz tout esbahy

2098 3548 1125 117 des parolles de celle femme. et lors me sou

2089 3652 1139 107 uint que i auoye aporte l euangile Et quãt

2089 3719 1148 117 saint andry ouyt ce si commenca a pleurer

2089 3800 1148 112 et adourer de tierce iusq̃s a nõne. Et quãt

2098 3872 1139 87 il se leua. il ne uoulut boire ne mengier, et

2089 3948 1157 131 dist. Ie ne mengeray tant que ie saiche se

2098 4038 1139 92 nostre seigneur aura pitie de ce uieillart ⁊

2093 4115 1148 110 quant il eut ieune par l espace de cĩq iours.

2102 4187 1162 193 une uoix uint a andry. ⁊ lui dist. andry ta
