3604 5397
863 584 1175 135 donne ma uirginite a iesu crist. Et pour ce

863 683 1175 113 ne me pouroye cõsẽtir a charnelle coulpe et

868 773 1170 104 en la fin il contraignit tãt qu il ne conue-

872 854 1166 108 noit cõsẽtir a sa uoulẽte. ou souffrir diuers

868 935 1170 99 tourmens. si que m enfouys secretement ⁊

868 1011 1170 104 ayme mieulx estre mis a exil que corrũpre

872 1088 1166 108 la foy a mon espoulx Et si comme ie ouy la

895 1160 1143 108 louenge de uostre saintete, m en affuys en

890 1236 1148 97 uostre garde en esperãce que ie puisse trou

899 1322 1139 112 uer de uous lieu de repos. ou ie puisse estre

904 1394 1134 121 secretement en cõtemplatiõ ⁊ echeuer le pe

899 1475 1139 108 ril de la uie pñte et fuyr les tribulatiõs du

890 1551 1148 117 monde. Et lors l euesq̃ emerueilla pour

886 1628 1152 103 la noblesse du lignage, pour la beaute de

895 1709 1143 107 son corps, de l ardeur de l amour de dieu. et

890 1781 1148 112 l onnestete du beau parler ⁋ Si respondit a

899 1870 1139 104 uoix debonnaire ⁊ souefue en parlãt Fille

904 1942 1134 117 soyes seure et ne doubte. car celui pour l a-

913 2023 1125 108 mour duquel tu as si forment despite toy-

904 2113 1134 104 ⁊ tes choses te dõnera pour ce grãt grace en

917 2181 1121 108 ce pñt temps aduenir. Et moy qui suis ser

908 2248 1130 117 uiteur d icelui te offre moy et mes choses ⁊

899 2334 1139 108 eslys ta maison la ou il te plaira. ⁊ ie uueil

908 2410 1130 122 que tu disnes huy auecq̃s. moy. Et elle lui

917 2487 1121 117 respondit Pere ne me requiers pas de telle

913 2559 1125 126 chose car ꝑ aduẽture aucune suspection de

904 2635 1134 130 mal en aduiendroit. et que la resplẽdeur de

908 2725 1130 117 urẽ bõne renõmee ne empirast. A laquelle

913 2797 1125 121 l euesque respondit Nous serons plusieurs

904 2878 1134 126 nõ pas seulx, et pour ce n y pourra estre su-

913 2950 1125 121 spection de mal. Et lors uindrẽt a la table

899 3031 1139 121 et se seirent l un cõtre l autre et les autres se

899 3116 1139 122 seirent de ca et de la. Et l euesque entendit

899 3197 1139 113 moult a celle. et la regardoit tousiours en

899 3278 1139 113 la face, et se esmerueilloit de la beaute d el

904 3346 1134 121 le. Et ainsi cõe il fichoit les yeulx en icelle

899 3422 1139 126 le courage fut naure Et l ãciẽ ẽnemy quãt

904 3512 1134 117 il le regardoit n auroit le cuer de lui dũ gri-

904 3593 1134 117 ef dart. Et ce diable l aperceut et cõmenca

913 3669 1125 97 a requerir sa beaute de plus en plus. si que

908 3755 1130 108 l euesque estoit ia prest de lui requerir de pe

923 3831 1124 93 che faire quãt il pourroit ⁊ lors ung pelerĩ

908 3908 1143 117 uĩ̃t soudainemẽt ⁊ cõmẽca a fraper souuẽt

913 3980 1125 102 a luys. ⁊ a crier qu õ lui ouurist et on ne lui

922 4065 1120 130 uouloit ouurir. si que il crioit et frappoit

917 4146 1125 284 de plus en plus Et l euesque demanda a la

1718 436 536 121 De saint Andry.

2110 602 1111 117 femme se elle uouloit que ce pelerin ẽtrast.

2105 688 1125 121 ⁊ elle dist. Faicte lui une q̃stion assez gref-

2105 769 1134 108 ue. ⁊ se il la scayt respondre soit mis ceans

2110 841 1129 116 Et se il ne scait soudre soit mis dehors si qͥl

2110 926 1129 103 n y entre cõe non sachant et non digne. Et

2110 1002 1129 108 tous obeirent a celle sentence et enquirent

2105 1083 1130 99 qui estoit suffisant de proposer celle q̃stion

2105 1151 1125 117 Et quant aucun n y fut trouue l euesq̃ dist

2105 1232 1134 117 Aucũ de nous n est a ce suffisant. comme

2105 1308 1134 113 uous dame. car uous nous passes tous en

2101 1385 1134 117 beau ꝑler. ⁊ si resplendisses en saigesse plꝰ

2110 1475 1120 108 que nous tous si proposez la questiõ. Lors

2110 1556 1129 108 elle dist. Demandes luy lequel est le meil-

2110 1632 1129 104 leur miracle q̃ dieu fist oncq̃s en petite cho

2101 1700 1147 125 se. Et quant il fut demande au pelerin, il

2105 1790 1143 103 respondit au messagier C est la diuersite ⁊

2110 1870 1138 113 excellence des faces des hommes. comme

2114 1956 1134 103 il a este des le cõmẽcemẽt du monde iusq̃s

2110 2032 1129 108 a la fin deux hommes ne pourroient estre

2101 2100 1147 112 trouues desquelz les faces fussent sembla

2105 2181 1143 103 bles en toutes choses ne aussi de toꝰ les sẽs

2101 2248 1169 113 du corps. Et quãt la response fut ouye toꝰ

2101 2329 1147 126 s esmerueillerent ⁊ dirẽt. C est uray ⁊ tres-

2101 2419 1152 113 bonne respõce de la question. Et lors la fẽ-

2114 2505 1130 108 me dist. Demãdes luy de rechief ou la ter

2110 2572 1152 117 re est plus haulte que tout le ciel. Quant il

2110 2662 1147 103 fut au pelerĩ. il respondit au ciel imperial.

2110 2743 1147 103 q̃ le corps de iesu crist est forme de nr̃e chair

2110 2819 1152 104 qui est plus haulte de tout le ciel. Tous en

2105 2891 1152 104 sẽble s esmerueillerent de la responce quant

2110 2968 1156 108 le messagier la raporta ilz louerẽt merueil

2110 3044 1152 117 leusement sa sagesse. Lors celle dist. La ti

2110 3134 1147 113 erce q̃stion de rechief lui soit faicte tres gri-

2105 3211 1157 108 esfue et occulte ⁊ forte a souldre. si que sa sa

2114 3292 1152 108 gesse soit tierce foiz esprouuee. et qͥl soit di-

2110 3373 1156 99 gne d estre receu a la table de l euesque. De

2110 3440 1161 113 mandes lui cõbien il y a d espace de l abisme

2114 3521 1152 103 iusques a celui ciel. Et lors le messagier le

2110 3602 1165 112 demande au pelerin qui respondit. Ua a ce

2114 3687 1157 104 lui qui t a ẽuoye a moy. ⁊ lui demande ceste

2114 3764 1152 103 chose. car il le scayt mieulx que moy ⁊ pour

2114 3849 1157 99 ce t en peult il mieulx respondre. car il a me

2119 3926 1152 103 sure celle espace quant il cheut du ciel en a-

2119 3998 1143 108 bisme. et ie ne le mesure oucq̃z. Or ua et dy

2114 4070 1152 117 a tõ seigneur q̃ elle n est pas fẽme mais est

2119 4151 1147 207 ung diable qui est mis en forme de femme
