3604 5397
872 598 1161 126 emportẽt q̃ pechez. Et egee dist. Ce sõt les

872 692 1161 108 uanites que tõ seigneur iesu crist p̃schoit qͥ

872 769 1161 112 sut fiche au gibet de la croix. Au q̃l saint

868 841 1165 116 andry dist. Il receut de son gre la mort de

868 935 1165 108 la croix; nõ pas par sa coulpe. mais par no

868 1011 1165 108 stre redẽption. Et egee dist Quãt il fut li

877 1083 1156 113 ure de son disciple et tenu des iuifz et cruci

872 1164 1161 113 fie des cheualiers cõmẽt dis tu qͥl le fist de

881 1245 1152 113 son gre. Et adoncq̃s monseigneur saĩt an

868 1326 1165 104 dry cõmenca a demonstrer par cinq raisõs

868 1403 1165 108 que iesu crist souffrit mort de son gre. C est

877 1484 1156 99 assauoir pour ce qͥl auoit ueu ⁊ cõgneu sa

872 1556 1161 117 passion. et dist a sces disciples quelle seroit

872 1646 1161 99 quãt il dist nous montõs en iherusalem ⁊c

881 1727 1152 98 Et le filz de l omme sera trahy ⁊c. Et par

872 1790 1161 112 ce il leur manifesta qͥl auoit pouoir de souf

877 1875 1156 112 frir mort ⁊ de ressusciter. Quãt il dist I ay

872 1960 1161 113 puissance de mettre mõ ame ⁊ de la reprend

872 2032 1161 108 dre de rechief. Et pour ce q̃ pierre le uouloit

877 2113 1156 113 retraire il en reprist. Et dist. Ua ap̃s moy

872 2194 1161 104 sathanas ⁊c. Et pour ce qu il congneut par

890 2275 1143 104 auãt son traistre quãt il luy dõna la soupe

872 2352 1161 103 ⁊ si ne l achena poĩt Et par ce qͥl esleut bien

881 2428 1152 108 le lieu que le traistre uiendroit. Il dit qu il

877 2509 1156 104 auoit este a toutes ses choses. et dit enco-

881 2586 1152 103 re saĩt andry q̃ le mistere de la croix estoit

877 2667 1156 107 grãt. Auq̃l egee dist Il ne peut dit il estre

868 2747 1165 117 mystere ains tourment. Et se tu n otroyes

877 2828 1156 108 a mes diz urayement ie te feray esprouuer

868 2900 1165 117 celuy mistere. Et andry lui dist. Sire se ie

872 2977 1161 112 doubtoie le gibet de la croix ie ne p̃scheroye

868 3058 1161 117 point sa gloire. Ie ueulx q̃ tu oyes le my-

868 3143 1165 108 stere ⁊ se tu le croix ⁊ cõgnois tu seras sau

877 3220 1152 112 ue. ⁋ Et adoncques lui monstra le mistere

877 3287 1156 122 de la croix ⁊ lui assigna cinq raisõs. La p̃-

868 3382 1165 108 miere est pour ce q̃ le p̃mier hõme auoit de-

859 3454 1165 126 serui mort en trespassãt le cõmãdement de

863 3530 1157 121 dieu par quoy fut chose cõuenable q̃ le se-

863 3620 1161 108 cond hõme boutast hors la mort en souffrãt

854 3692 1166 117 icelle ou fust. La secõde raisõ que celui qui

850 3773 1165 108 estoit fait de t̾re nõ corrõpue estoit trespas-

868 3845 1147 130 seur du mãdement de dieu il estoit necessai

850 3939 1165 99 re ⁊ cõuenable que celui qui rapelleroit cele

845 4002 1175 131 deffaulte n asquist de uierge. La tierce pour

854 4097 1175 108 ce que adam auoit estandu ses maĩs desor-

841 4169 1188 211 dõnement a la uiande deffendue il fut cho-

1727 431 531 131 De saint Andry.

2083 593 1156 126 se moult connenable q̃ le nouuel adã estan

2083 692 1156 108 dist ses maĩs en la croix non maculees La

2083 773 1156 104 quarte raisõ est pour ce q̃ adam auoit gou-

2083 850 1156 112 ste souesuement la uiande deffẽdue. ce fut

2078 926 1152 117 raison q̃ la chose cõtraire fut reboutee par

2078 1011 1152 108 sõ contraire. car iesu crist fut repeu de uian

2083 1088 1143 108 de de fiel. La quinte raison est affin que ie-

2083 1169 1147 112 su crist noꝰ donnast son immortalite, il fut

2083 1250 1138 112 chose raisonnable qu il print nostre morta-

2078 1322 1157 117 lite. car se iesu crist n eust este mortel l õme

2078 1398 1152 117 n eust pas este fait immortel Et adoncques

2083 1488 1138 104 dit egee. Raconte aux tiens tes uanites ⁊

2083 1560 1138 122 obeys a moy. ⁊ sacrifie aux dieux toꝰ puis

2083 1641 1147 113 sans. Et adoncq̃s respondit andry Ie offre

2083 1722 1152 117 chascun iour a mon parfait dieu tout puis

2078 1803 1152 103 sant ung aignel sans macule, et depuis

2078 1875 1161 121 qu il est mengie de tout le peuple il uit tous

2078 1965 1152 112 iours ⁊ est tout ẽtier Et adõcq̃z lui demãda

2078 2041 1143 117 egee ꝯmẽt ce pouoit estre. ⁊ andry luy dist.

2078 2118 1143 121 Prens la forme d estre disciple, et tu le sa-

2078 2203 1152 113 uras Egee dist Ie te feray ceste chose assa

2078 2280 1139 112 uoir ꝑ tourmens. Et lors fut courrousse ⁊

2078 2356 1152 117 cõmãda qu il fut ẽclos en chartre. ⁊ au ma

2078 2442 1139 112 tin fut amene en iugemẽt. ainsi saint an-

2078 2518 1157 117 dry fut amene au iugement des ydoles. et

2083 2604 1138 112 egee cõmenca a dire. Se tu ne obeis a moy

2078 2680 1148 112 ie te feray pendre et mourir en la croix que

2078 2756 1143 113 tu as tant louee. et ainsi comme il le me-

2078 2837 1186 117 nassoit de le tourmenter il lui respondit qͥl

2078 2914 1148 121 pensast quelconque tourmẽt qu il pourroit

2078 2995 1148 121 et de tant seroit il plus agreable a soy et a

2083 3076 1138 112 son roy comme il seroit plus ferme es tour

2078 3152 1143 113 mens. Et adoncq̃s cõmãda egee qu il fust

2078 3233 1143 122 batu de uingt ⁊ ung hõe Et ap̃s qͥl fut ain

2078 3314 1148 117 si batu il fut lie en la croix ꝑ piez ⁊ ꝑ maĩs

2078 3382 1143 121 affin qu il eust plus grans flagellacious ⁊

2078 3472 1148 121 tourmẽs. Et quãt il fut mene a la croix il

2078 3553 1148 116 courut la moult de peuple disant. Le sang

2078 3633 1143 113 de l innocẽt est cõdãne sans cause. Et l apo

2078 3710 1143 112 stre les pria qu ilz ne ẽpeschassẽt point son

2081 3786 1145 112 martyre. Et quãt il uit la croix de loing il

2078 3867 1148 113 la salua ⁊ dist. Ie te salue croix qͥ es dediee

2078 3948 1148 113 au corps de iesu crist. ⁊ fus arrousee des mẽ

2086 4029 1147 93 bres de lui ainsi cõe de marguerites auant

2086 4106 1135 97 q̃ nrẽ seigneur mõtast en toy tu estoies po

2069 4187 1161 171 ure t̾riẽne et maĩtenãt tu es amour du ciel
