3604 5397
926 589 1166 117 te Et l en demande pourquoy les festes sõt

940 670 1152 126 muez. On le dira quant on dira de son in-

931 751 1161 112 uencion De ceste chose uous suffise pour

949 832 1143 121 le present; car l eglise ueult ainsi ordonner

944 912 1148 117 les festes qui ensuiuent la natiuite de no

944 989 1139 126 stre seigueur et redempteur iesu crist pour

949 1061 1143 126 deux causes. La premiere est a fin que a

944 1137 1148 126 nostre seigñr iesu crist qͥ est chief et espoux

944 1223 1148 126 de tout le monde. et tous ses compaignõs

944 1304 1148 121 lui soyent adioingz auec soy; car iesu crist

953 1380 1139 140 ne espoux de l eglise adiouxta a lui en ce

953 1466 1139 121 monde troys compaignons; desquelz est

944 1538 1148 121 dit es cantiques. Mon ayme blanc enrou

953 1614 1139 140 gy esleu des meilleurs Blanc quãt a iehã

962 1691 1125 134 l euangeliste precieux confesseur. Enrou

953 1763 1139 143 gy quant a estienne premier martyr. Et

962 1852 1130 140 esleu des meilleurs quant a uirginelle cõ

962 1938 1130 135 paignie des innocens. La seconde rayson

953 2014 1139 122 est que l eglise assemblast ainsi ensemble

953 2086 1139 135 les facous et manieres des martirs selõ

958 2163 1134 130 le degre de leurs dignitez Desquelz la na

958 2253 1134 121 tiuite de nostre sauueur et redempteur ie-

962 2334 1107 126 su crist fut cause; car il est triple martir.

967 2406 1125 135 L ung se ueult dire per uoulente et par eu

962 2496 1130 117 ure. Le secõd par uoulente et non pas par

967 2572 1125 117 euure. le tiers par euure ⁊ non pas ꝑ uou

967 2649 1125 130 lente. Le p̃mier fut au benoist saiut estiẽ

971 2734 1121 184 ne. Le second en saint iehan. Le tiers es

976 2819 288 149 innocens

1007 2954 1085 153 ⁋ L interpretacion du nom saint iehan

980 3058 630 112 l apostre et euangeliste

1241 3206 880 135 Ehan est expose grace de dieu

1246 3295 890 105 ou celui en qui grace est a qui

1237 3355 893 100 elle est donnee; ou a qui donna

1241 3436 851 130 ciõ est faicte de nostre seigneur

1255 3514 870 119 iesu crist; et par ce sont entẽdus

984 3230 287 435 I

976 3602 1158 104 quatre priuileges qui furent au benoist

980 3678 1147 122 iehan. Le premier fut la noble amour de

985 3763 1131 122 nostre sauueur iesu crist. car il ayma plus

980 3847 1142 99 q̃ les autres; ⁊ lui monstra signe de plus

971 3926 1139 119 grãt amour Et de la est dit grace de dieu⁊

985 3993 1120 117 lui fut plus doulx ⁊ gracieux q̃ a pierre q̃

985 4083 1121 107 il ayma moult. mais il est amour de cou-

971 4151 1134 211 rage ⁊ de signe; ⁊ celle qͥ est de signe en don

1993 404 499 144 De saint Iehan

2137 580 1134 126 ble. l une si est en demonstrer familiarite.

2137 674 1134 108 et l autre est donner en benefices. Quant

2137 746 1138 117 au premier il ayma l un et l autre egalem̃t

2132 818 1139 117 Quaut au second il ayma plꝰ iehã Quãt

2137 908 1143 108 au tiers il ayma plus pierre. Le second p̃-

2137 984 1134 108 uilege est uirginite, car il fut esleu uierge

2132 1052 1139 130 de dieu Et pour ce est il de ce dist auquel est

2132 1142 1139 121 grace car grace de uirginite est en uierge.

2132 1214 1134 112 et quant il se uouloit marier il fut appelle

2132 1295 1143 108 de dieu. Le tiers est la reuelacion des se-

2132 1371 1143 117 cretz nostre seigneur ⁊ redẽpteur iesu crist

2132 1457 1143 108 Et pour ce il dit auq̃l grace est donnee car

2141 1542 1134 113 il lui fut donne a sauoir moult de parfõs

2146 1619 1129 103 secretz cõme de la diuinite du filz de dieu ⁊

2132 1686 1143 117 de la fin du siecle Et pour ce est dit auquel

2141 1776 1139 121 don de grace est fait de nostre sire car le dõ

2132 1852 1143 117 luy fut fait adonc quant la mere de dieu

2141 1933 1143 108 fut donnee en sa garde. Milet euesque de

2132 2005 1143 92 laodicte escript sa uie laquelle ysidore abre

2141 2091 1139 121 ga et mist au liure de la natiuite de la uie

2150 2181 662 112 et de la mort des sains

2510 3674 779 117 Ehan apostre et euangeliste

2506 3750 787 117 ayme de nostre seigneur iesu

2510 3831 779 126 crist; et esleu uierge apres la

2501 3917 792 108 pẽthecouste que les apostres

2159 3694 358 419 I

2501 3993 797 122 se departirent; et lors s en ala

2168 4074 1130 108 en asie ⁊ la edifia moult de belles eglises

2141 4142 1143 175 adoncq̃s domiciã ẽpereur entẽdit sa renõ
