3526 5397
288 602 1121 126 Tu me receucras par mon desir. Ie uiens

292 697 1117 112 a toy croix noble seur et ioyeulx affin q̃ tu

288 778 1121 108 me recoiues liement cõe disciple d icelui qͥ y

292 850 1117 116 pendit. Car ie t ay tousiours aymee i ay de

301 930 1108 113 sire a toy embrasser croix qui receuz beaul

288 1007 1121 112 te et noblesse des membres de nrẽ seigneur

288 1092 1121 104 que i ay tant longuement desiree ⁊ curieu-

283 1169 1126 112 semẽt aymee Et que mon courage tout de

270 1245 1139 122 sire ⁊ aussi couuoite. oste moy de ce monde

283 1331 1126 103 ⁊ me rens a mon maistre si que celui me re

288 1403 1121 112 coiue qͥ me racheta par toy. Et en ce disant

288 1475 1121 121 il se despouilla et bailla ses uestemẽs aux

274 1565 1135 108 tirans. Et ainsi le pendirent en la croix cõ

265 1632 1144 117 me il leur auoit este commande et uesquist

270 1718 1139 116 deux iours. ⁊ prescha a uingt mille hõmes

288 1799 1121 112 qui la estoient. Et adoncq̃z tout la compai

261 1875 1148 117 gnie iura la mort de egee et dirent L omme

274 1951 1135 113 saint. paisible. et debonnaire ne deust pas

270 2037 1139 108 ce souffrir. Et adõcques uint egee pour le

256 2109 1153 108 oster ⁊ quant andry le uit il dist Pourquoy

256 2185 1153 117 es tu uenus a nous egee Se c est pour peni

270 2266 1139 113 tence, tu l auras. Et ce c est pour moy oster

261 2338 1148 122 saches que ne m ẽ osteras pas uif car ie uoy

270 2428 1139 113 la mon roy qui me attent. ⁋ Et quant ilz le

261 2500 1148 126 uoulloient deslier ilz ne pouoyent en nulle

256 2586 1153 112 manier toucher a luy. car leur bras estoy-

274 2658 1135 116 ent tãtost enroidiz. Et quant saint Andry

270 2743 1139 108 uit que le monde le uouloit oster hors de la

261 2815 1148 117 croix il fist ceste oraison en la croix cõe dit

261 2891 1148 131 saint augustin ou liure de penitence. Sire

265 2981 1144 108 ne me laisse pas descẽdre uif. car il est tẽps

270 3058 1139 112 q̃ tu cõmãde mõ poure corps a la t̾re. I ay

256 3134 1153 113 lõguemẽt porte ce fait. et ay tant ueille sur

279 3220 1130 108 la chose qui m estoit cõmandee ⁊ ay tãt tra

265 3296 1144 113 uaille que ie uouldroye ia estre deliure de ce

265 3373 1144 117 ste obedience. ⁊ estre oste de ceste agreable

261 3454 1148 108 charge. ie me recorde cõe elle est griefue en

261 3535 1148 116 portãt orguielleuse entẽte ẽferme en nour

261 3615 1148 117 rissant. et ay laboure liement en la refrai-

261 3687 1148 117 gnãt. Sire tu scays quãteffois le mõde en

261 3773 1148 103 tẽdoit a moy retraire de purete de cõtẽpla-

265 3849 1144 116 cion. quãteffois il entẽdoit a moy esueiller

265 3930 1144 109 ⁊ me faisoit douloir; ⁊ tant cõe i ay peu i ay

261 4007 1148 113 resiste tres debõnairement a celuy cõbatãt

256 4092 1153 109 ⁊ ay surmonte par ton euure, ⁊ ie te reqͥers

247 4160 1167 189 iustice de bon cueur ⁊ debõnaire guerre dõ

977 449 509 108 De saint andri.

1472 616 1171 108 neur que tu ne me commande pas que ie re

1472 692 1153 108 chee en plꝰ maisie te rens ce q̃ tu m auoies

1472 760 1157 112 baille cõmãde la a ung autre et ne m ẽpes-

1472 841 1148 112 che plꝰ si q̃ ie recoiue merite de mon labeur

1472 917 1157 117 Cõmãde mon corps a la terre si qu il ne cõ

1472 998 1153 108 uiẽgne plus ueiller, mais tendre a la fon

1468 1070 1157 121 taine de ioye qͥ est non deffallant. Et quãt

1468 1146 1157 126 il eut ce dit t̾s grant resplẽdeur uint dn ciel

1468 1227 1166 135 ⁊ le enuironna ꝑ demye heure si q̃ nul ne le

1468 1313 1161 121 pouoit ueoir. Et quãt celle lumiere s en ala

1468 1385 1157 121 il rendit ensemble l esperit. Et maximille

1468 1475 1157 103 la femme de egee emporta le coprs de l apo

1468 1547 1161 121 stre et l enseuelit honorablement. Et auãt

1468 1619 1152 121 que egee fut reuenu a l ostel il fut rauy du

1468 1695 1157 121 diable en la uoye deuant toꝰ ⁊ mourut Et

1468 1781 1157 116 dit on q̃ du sepulcre saint andri uiẽt mãne

1468 1852 1161 126 en la maniere de farĩe. ⁊ huile qͥ a t̾s grant

1468 1938 1161 117 souefuete de odeur. Et par ce est demõstre

1468 2019 1161 112 aux gẽs du pays quãt il est plãte de biens

1472 2100 1157 117 car quãt celle mãne uiẽt petitemẽt la terre

1468 2176 1161 117 aporte peu de fruit. Et quãt la mãne uiẽt

1468 2257 1161 108 habõdãmẽt la terre aporte plãtureusemẽt

1468 2329 1157 122 Et ce peut estre. Car ãciennemẽt le corps

1468 2410 1152 126 de lui fut trãsporte en cõstãtinoble. Ung

1468 2491 1166 117 euesq̃ estoit qͥ menoit uie religieuse ⁊ auoit

1468 2572 1161 117 saĩt ãdri en deuociõ sur toꝰ les autres saĩs

1468 2635 1161 135 si que en toutes ces euures il lamẽtoit tous

1468 2716 1161 121 iours en l onneur de dieu ⁊ de saĩt andry. si

1468 2801 1170 122 que l ennemi eut enuie sur lui et se mist a le

1468 2882 1166 122 deceuoir de tonte sa malice Et se trãsfigu-

1468 2963 1157 113 ra en la forme d une belle femme ⁊ uint au

1468 3035 1152 131 palais de l euesq̃ ⁊ dist q̃lle se uouloit cõfes-

1468 3121 1161 121 ser a lui. ⁊ l euesque lui manda q̃lle se con-

1468 3202 1157 112 fessast au penãcier qͥ auoit plaĩ pouoir de-

1468 3278 1152 113 lui Et elle lui manda qu elle ne teuelleroit

1468 3350 1166 122 les secretz de sa conscience que a lui. et aĩsi

1468 3431 1157 117 l euesq̃ fut uaincu et cõmãda de uenir a lui

1468 3512 1166 126 Et elle lui demanda. Sire ie te prie que tu

1468 3593 1152 117 aies merci de moy ie suis coẽ tu uoises. ãs

1468 3674 1166 130 de ieunesse pucelle. et. suis delicieusement

1468 3755 1166 121 nonrrie. des mon enfance ⁊ nee de royalle

1472 3836 1153 117 lignee Mais ie suis uenue seulle en estran

1468 3912 1166 103 ge abit. Car mon ꝑe qui est roy moult pu-

1468 3998 1166 108 issant si me uoulut donner a ung prĩce par

1468 4074 1161 122 mariage au q̃l ie respondi que i auoie grãt

1472 4151 1148 171 horreur du dleict de mariage, ⁊ que i auoie

2089 458 351 117 Fueillet.x.
