1900 2936
526 318 78 112 x

695 332 813 83 AVANT-PROPOS.

533 440 1166 112 sentiment à tous les hommes. Si la

538 565 1163 107 philosophie est venue autrefois des

533 672 1163 110 Indes en Europe, pourquoi ne

526 790 1175 103 retourneroit-elle pas aujourd’hui

531 895 1165 103 de l’Europe civilisée aux Indes de¬

538 1008 1163 100 venues barbares à leur tour ? Il

538 1118 1163 105 vient de se former à Calcuta une

533 1228 1163 115 société de savans anglois qui dé¬

536 1348 1168 112 truiront peut-être un jour les pré¬

536 1448 1173 127 jugés de l’Inde, et par ce bienfait

538 1568 1173 120 compenseront les maux qu’y ont

538 1680 1168 120 apportés les guerres et le com¬

536 1790 1173 118 merce des Européens. Pour moi

538 1893 1168 115 qui n’influe sur rien, afin de don¬

538 2011 1180 127 ner plus de faveur et de graces à

538 2128 1178 115 mes argumens, j’ai tâché de les

543 2231 1175 117 revêtir de celles d’un conte. C'est

541 2336 1170 149 avec des contes qu’on rend par¬
