1889 2913
412 313 110 102 xiv

599 315 877 100 AVANT-PROPOS.

407 434 1171 102 des despotes. Je crois donc que

410 541 1170 104 nulle part les fables n’ont été ima¬

415 662 1160 107 ginées pour eux, si ce n’est pour

407 769 374 95 les flatter.

512 876 1071 114 En genéral, le goût pour les

415 985 1168 97 fables est répandu par toute la

420 1106 1167 98 terre, mais bien plus dans les

422 1213 1161 109 pays libres que dans les despoti¬

415 1327 1182 110 ques. Les peuples sauvages fondent

417 1429 1173 119 leurs traditions sur des fables ; il

420 1551 1175 94 n’y a point de pays où elles aient

417 1655 1178 117 été plus communes que dans la

424 1767 1168 104 Grèce, où tous les objets de la na¬

424 1876 1166 107 ture, de la politique et de la reli¬

429 1988 1168 111 gion, n’étoient que des résultats

422 2097 1163 112 de quelques métamorphoses. Il y

427 2209 1173 109 avoit peu de familles illustres qui

427 2323 1170 165 n'eût quelque animal au nombre
