1911 2922
475 303 106 120 viij

453 418 1177 122 preuve non équivoque de mon es¬

453 518 1194 124 time pour eux. Certainement j’ai

453 637 1187 117 dû regarder comme une démarche

455 745 1185 121 qui mérite toute la reconnoissance

450 847 1200 136 de leur nation, d’avoir cherché à

458 976 1184 124 importer des lumières des pays

463 1086 1182 119 étrangers en Angleterre, ainsi que

470 1193 1175 121 je considère celle d’en avoir ex¬

470 1307 1185 122 porté d’Angleterre dans des pays

468 1422 1189 121 sauvages, par les voyages de Cook

470 1531 1182 124 et de Banck, comme digne de toute

475 1641 1177 124 celle du genre humain. La pre¬

470 1755 1189 117 mière a été imitée depuis par le

472 1865 1190 121 Danemarck, et la seconde par la

477 1977 1190 117 France* ; mais toutes deux bien

480 2091 1189 115 malheureusement, puisque de dou¬

655 292 831 112 AVANT-PROPOS.

546 2269 1116 119 * Voyez la note seconde à la fin de

492 2354 441 107 l’avant-propos.
