1911 2922
482 326 64 102 vj

672 323 812 88 AVANT-PROPOS.

470 426 1172 117 lié à une anecdocte historique qui

468 543 1170 97 en fait le commencement. C'est

472 655 1166 112 à l’occasion d’une compagnie de

468 771 1172 105 savans anglois, envoyés il y a une

468 876 1172 98 trentaine d’années, dans diverses

470 986 1170 114 parties du monde, pour y recueil¬

468 1100 1172 110 lir des lumières sur plusieurs objets

468 1207 1170 110 des sciences. J’y parle d’un d’en¬

475 1322 1172 112 tre eux, qui vint aux Indes pour

472 1429 1170 114 concourir aux progrès de la vérité ;

472 1546 1178 109 mais comme cet épisode formoit

482 1655 1165 98 un hors-d’œuvre dans mon ou¬

482 1772 1168 117 vrage, j’ai jugé à propos de le pu¬

475 1874 624 108 blier séparément.

577 1994 1075 109 Je proteste ici que je n’ai eu

477 2103 1178 98 aucune intention de jeter quelque

480 2210 1172 117 ridicule sur les académies, quoique

480 2325 1167 129 j’aie beaucoup à m’en plaindre,
