1880 2897
302 287 872 94 AVANT-PROPOS.

1217 313 148 90 xxiij

239 393 1135 123 distinguer l’erreur de la vérité. La

239 519 1133 99 vérité est une lumière naturelle qui

234 615 1128 128 Iuit d’elle-même par toute la terre,

241 738 1119 111 parce qu’elle vient de Dieu ; l’er¬

229 852 1136 111 reur est une lueur artificielle qui

234 956 1126 103 a besoin sans cesse d’être alimen¬

229 1062 1126 120 tée, et qui ne peut jamais être

219 1175 1134 123 universelle, parce qu’elle n’est que

217 1274 1131 133 l’ouvrage des hommes. La vérité

217 1390 1121 126 est utile à tous les hommes ; l’er¬

212 1508 1126 121 reur n’est profitable qu’à quelques-

212 1610 1129 128 uns, et est nuisible à tous, parce

207 1721 1129 128 que l’intérêt particulier est l’en¬

195 1832 1136 140 nemi de l’intérêt général, quand

198 1940 454 109 il s’en sépare.

282 2047 1044 142 Il faut bien prendre garde de

190 2155 1126 128 confondre la fable avec l’erreur.

188 2257 1124 159 La fable est le voile de la vérité,
