1889 2912
437 412 106 51 xvj

594 330 860 99 AVANT-PROPOS.

427 439 1175 123 le plus aimé à orner la vérité de

422 550 1182 134 fables : c’est par un eſſet de l’amour

429 660 1175 133 même de la vérité, qui est le senti¬

437 774 1184 133 ment des lois de la nature. La

441 888 1171 126 vérité est la lumière de l’ame,

437 992 1182 148 comme la lumière physique est la

444 1106 1173 124 vérité des corps. L’une et l’autre

441 1223 1180 118 réunies donnent la science de ce

446 1332 1173 126 qui est : celle-ci éclaire les objets,

446 1448 1178 114 celle-là nous en montre les conve¬

446 1565 1178 116 nances; et, comme dans le prin¬

458 1679 1178 116 cipe toute lumière tire son origine

451 1781 1185 128 du soleil, toute vérité tire la sienne

454 1885 1189 136 de Dieu, dont cet astre est la plus

466 2004 1175 121 sensible image. Peu d’hommes peu¬

468 2113 1175 124 vent supporter la lumière pure du

473 2220 1170 133 soleil. C’est à cause de la foiblesse

473 2344 1173 145 de nos yeux, que la nature nous a
