1900 2904
551 353 92 116 xij

704 338 840 90 AVANT-PROPOS.

534 454 1157 121 Iéopard, que d’après nature; et si

534 561 1150 109 des vérités de réflexion ne le bles¬

534 682 1165 109 seroient pas pour le moins autant

542 786 1157 119 que des vérités directes ? Thomas

537 895 1164 123 Rhoé, ambasadeur d’Angleterre

544 1016 1157 118 auprès de Sélim-Cha, empereur

539 1134 1160 114 du Mogol, rapporte que ce prince

551 1239 1155 121 très-despotique ayant fait ouvrir

551 1355 1157 113 devant lui des coffres qui arrivoient

551 1449 1155 133 d’Angleterrre, afin d’y prendre

561 1573 1157 121 quelques présens qui lui étoient

551 1679 1162 121 destinés, fut fort surpris d’y trou¬

563 1790 1155 124 ver un tableau représentant un Sa¬

568 1899 1157 128 tyre qu’une Vénus menoit par le

568 2013 1160 119 nez. « Il s’imagina, dit-il, que

573 2136 1155 107 « cette peinture étoit faite en dé¬

576 2233 1159 119 « rision des peuples de l’Asie, qu’ils

578 2347 1157 138 « y étoient figurés par le satyre

1515 2463 208 82 « noir
