1891 2904
331 304 806 112 AVANT-PROPOS.

191 418 1135 150 tout les hommes attentifs à la

198 532 230 92 vérité.

186 684 1141 133 Nous sommes tous d’Athène en ce point ;

414 803 418 80 et moi-même,

193 871 1087 135 Au moment que je fais cette moralité,

314 958 802 121 Si Peau-d’Ane m’étoit conté,

329 1050 857 116 J’y prendrois un plaisir extrême.

394 1176 918 118 LA FONTAINE.  Le pouvoir des

430 1260 618 97 fables, liv. 8, fab. 4.

266 1374 1036 145 On a dit avec plus d’esprit que

171 1488 1131 135 de raison, que la fable étoit née

169 1592 1123 145 dans les pays despotiques de l’O¬

167 1703 1123 141 rient, et qu’on y avoit voilé la vé¬

162 1815 1126 145 rite, afin qu’elle pût s’approcher

162 1923 1126 146 des tyrans. Mais je demande si un

159 2027 1126 158 Sultan ne se trouveroit pas plus

157 2144 1126 145 offensé de se voir peint sous l’em¬

159 2248 1124 164 blême d’un chat-huant ou d’un

1239 326 86 112 xj
