1880 2897
340 345 860 89 AVANT-PROPOS.

1268 321 121 130 xxj

246 441 1143 128 à la lumière, puisque c’est des

248 564 1131 104 premières que se forment les har¬

244 678 1147 111 monies de notre intelligence, com¬

241 789 1148 106 me des secondes se composent

248 890 653 107 celles de notre vue.

340 999 1047 121 Les moralistes, comme je l’ai

234 1103 1148 130 déja observé dans mes Etudes, ont

241 1223 1131 126 presque toujours confondu l’igno¬

234 1330 1140 125 rance avec l’erreur. L’ignorance,

234 1438 1155 123 à la considérer seule et sans la

239 1547 1145 128 vérité avec laquelle elle a de si

236 1673 1146 113 douces harmonies, est le repos de

234 1774 1155 130 notre intelligence ; elle nous fait

234 1878 1145 128 oublier les maux passés , nous dis¬

236 1994 1146 125 simule les présens, et nous cache

231 2107 1151 123 ceux de l’avenir ; enfin elle est un

236 2201 1148 133 bien, puisque nous la tenons de la

239 2324 1143 143 nature : l’erreur au contraire est
