1891 2894
393 296 839 92 AVANT-PROPOS.

1295 289 125 101 xvij

299 400 1155 116 donné des paupières pour les voiler

301 516 1151 120 au degré qui nous convient ; qu’elle

301 622 1151 113 a planté la terre de forêts, dont les

303 733 1149 106 feuillages verts nous offrent des

308 863 1136 99 ombrages doux et transparens ;

306 962 1150 108 et qu’elle répand dans les cieux

303 1075 1144 109 des vapeurs et des nuages, pour

299 1179 1155 113 affoiblir les rayons trop vifs de

299 1287 1153 111 l’astre du jour. Peu d’hommes aussi

306 1406 1148 110 peuvent saisir les vérités purement

301 1509 1151 114 métaphysiques. C’est à cause de

301 1620 1141 113 la foiblesse de notre intelligence,

308 1733 1136 116 que la nature nous a donné l’igno¬

296 1849 1156 114 rance pour servir de paupière à

303 1958 1149 116 notre ame : c’est par son moyen

308 2066 1151 118 que l’ame s’ouvre par degrés à la

315 2180 1141 113 vérité, qu’elle n’en admet que ce

306 2288 1153 142 qu’elle en peut supporter, qu’elle

1037 2428 173 77 .  .  .
