1880 2897
393 311 1044 96 AVANT- PROPOS.

1321 330 104 109 xix

277 417 1146 121 corps qui la renvoie. Notre en¬

280 526 1145 135 tendement n’a point de prise sur

275 637 1145 130 les vérités purement métaphysi¬

287 748 1136 130 ques; il est ébloui par celles qui

280 861 1143 111 émanent de la Divinité, et il ne

282 970 1141 126 peut saisir celles qui ne se reposent

282 1083 1136 128 pas sur ses ouvrages. C’est par

273 1195 1140 118 cette dernière raison que le lan¬

304 1303 1107 126 gage des peuples civilisés ne peint

265 1407 1148 130 rien, parce qu’il est plein d’idées

265 1525 1143 126 vagues et d’abstractions ; et celui

263 1624 1143 133 des peuples simples et naturels

256 1740 1147 128 est très-expresif, parce qu’il est

258 1846 1136 138 rempli de similitudes et d’images.

258 1953 1141 135 Les premiers sont habitués à cacher

256 2066 1145 130 leurs sentimens ; les seconds à les

258 2175 1136 118 étendre. Mais comme souvent les

253 2288 1146 143 nuages dispersés sous mille formes
