1891 2902
397 343 891 128 AVANT-PROPOS.

1348 389 92 87 xv

300 483 1143 111 de ses ancêtres, et qui ne comp¬

297 590 1138 108 tât parmi ses cousins ou ses cou¬

295 698 1133 119 sines, des taureaux, des cygnes,

297 798 1138 125 des rossignols, des tourterelles ,

295 911 1148 121 des corneilles ou des pies. On peut

290 1015 1148 124 observer que les Anglois, dans leur

285 1131 1141 121 littérature, ont un goût particu¬

278 1235 1162 136 lier pour l’allégorie, quoique la

288 1349 1142 126 vérité puisse se dire chez eux fort

280 1458 1150 118 Iibrement. Les Asiatiques ont été

285 1571 1143 124 dans le même cas, du temps d’E¬

278 1685 1145 116 sope et de Lockman ; mais on ne

278 1787 1145 121 trouve plus anjourd’hui chez eux

273 1898 1155 135 de fabulistes, quoique leur pays

276 2014 782 111 soit rempli de Sultans.

370 2123 1053 128 Ce sont les peuples les plus

280 2236 1155 133 rapprochés de la nature, et par

271 2340 1147 148 conséquent les plus libres, qui ont
