1891 2893
451 335 849 89 AVANT- PROPOS.

1355 347 109 101 xiij

323 462 1148 102 « noir et cornu, comme étant d’une

320 581 1153 101 « même complexion ; et que la

323 689 1148 106 « Vénus qui menoit le Satyre par

323 802 1148 104 « le nez, représentoit le grand em¬

328 918 1136 101 « pire que les femmes de ce pays-

323 1027 919 86 « là ont sur les hommes.»

417 1116 1054 115 Thomas Rhoé à qui ce tableau

311 1236 1155 114 étoit adressé, eut bien de la peine

308 1347 1160 99 à en détruire l’effet dans l’esprit

308 1456 1153 108 du Mogol, en lui donnant une

303 1569 1163 106 idée de nos fables ; il recommande

306 1685 1160 103 à cette occasion bien expressément

303 1796 1163 106 aux directeurs de la compagnie des

303 1904 1158 111 Indes en Angleterre, de n’envoyer

306 2017 1153 104 à l’avenir aucune peinture allégo¬

308 2128 1151 111 rique aux Indes, parce que les prin¬

311 2239 1148 109 ces, dit-il, y sont très-soupçon¬

308 2348 1153 101 neux. C’est en effet le caractère

1116 2470 51 92 b
