1905 2896
214 422 1152 113 ze savans voyageurs danois, il n’en

207 528 1149 118 est revenu qu’un seul dans sa patrie,

210 639 1158 109 et que l’on n’a aucune nouvelle des

210 755 1137 111 deux vaisseaux de guerre francois,

214 859 1145 113 employés à cette mission d’huma¬

214 970 1145 113 nité, et commandés par l’infor¬

210 1073 1151 124 tuné de la Peirouse. Ce n’est donc

214 1199 1138 104 point la science en elle-même que

207 1295 1145 131 je blâme; mais j’ai voulu faire voir

202 1409 1147 118 que les corps savans, par leur am¬

205 1520 1142 125 bition, leur jalousie et leurs pré¬

210 1629 1134 125 jugés, ne servent que trop souvent

202 1735 879 123 d’obstacles à ses progrès.

272 1853 1075 123 Je me suis proposé un but encore

202 1954 1145 133 plus utile, c’est de remédier aux

202 2070 1142 128 maux dont l’humanité est affligée

200 2179 1140 125 aux Indes. Ma devise est de secou¬

200 2287 1142 155 rir les malheureux, et j’étends ce

398 308 792 95 AVANT-PROPOS.

1294 323 67 84 ix
