1874 2913
410 313 127 70 xx

571 281 935 114 AVANT-PROPOS.

427 400 1182 126 phantastiques , décomposent les

422 512 1187 109 rayons du soleil en teintes plus

432 626 1177 124 riches et plus variées que celles qui

430 735 1181 124 colorent les ouvrages réguliers de

432 842 1177 129 la nature, ainsi les fables réflé¬

435 956 1181 126 chissent la vérité avec plus d’éten¬

435 1070 1188 117 due que les événemens réels ; elles

442 1187 1162 114 la transportent dans tous les règnes ;

437 1303 1181 114 elles l’approprient aux animaux ,

439 1407 1182 105 aux arbres, aux élémens, et en

442 1519 1181 114 font jaillir mille reflets. Ainsi les

435 1628 1193 114 rayons du soleil se jouent, sans

437 1742 1172 117 s’éteindre, au fond des eaux, y

439 1854 1189 109 reflettent les objets de la terre et

439 1963 1187 117 des cieux , et redoublent leurs

447 2087 1057 97 beautés par des consonnances.

544 2189 1082 104 L’ignorance est donc aussi né¬

449 2301 1181 150 cessaire à la vérité que l’ombre l’est
