1874 2913
500 383 131 100 xxij

683 364 865 87 AVANT-PROPOS.

483 475 1157 117 l’ouvrage de l’homme ; elle est tou¬

486 589 1164 112 jours un mal ; c’est une fausse lu¬

478 701 1169 114 mière qui luit pour nous égarer. Je

486 810 1166 117 ne puis mieux la comparer qu’à

481 920 1171 106 la lueur d’un incendie qui dévore

488 1026 1169 117 les habitations qu’elle éclaire. Il

488 1148 1167 109 est remarquable qu’il n’y a pas

483 1264 1174 102 un seul mal moral ou physique qui

481 1371 1179 109 n’ait pour principe une erreur. Les

483 1478 1174 99 tyrannies, l’esclavage, les guerres

483 1592 1174 99 sont fondées sur des erreurs poli¬

488 1704 1174 92 tiques, et même sacrées ; car les

490 1815 1174 102 tyrans qui les ont répandues pour

490 1925 1177 87 établir leur puissance, les ont

493 2029 1171 102 toujours dérivées de la Divinité ou

488 2143 1176 104 de quelque vertu, afin de les faire

495 2255 771 102 respecter des hommes.

597 2361 1072 124 Il est cependant bien facile de
