1905 2903
275 420 1141 133 non par rapport à ma personne,

273 524 1159 129 mais à cause des intérêts de la vé¬

268 628 1150 146 rité*, qu’ils persécutent souvent,

275 749 1143 119 quand elle contrarie leurs systêmes.

273 849 1155 128 Je suis d’ailleurs trop redevable à

275 972 1148 131 plusieurs savans anglois qui, sans

268 1076 1143 136 me connoître et par le seul amour

261 1185 1155 123 des sciences, ont honoré mes Etu¬

259 1284 1154 150 des de la Nature de leurs plus glo¬

259 1403 1157 142 rieux suffrages, qu’ils n’ont pas

254 1516 1162 138 craint de publier, comme on peut

251 1620 1165 133 le voir entre autres dans un extrait

249 1736 1152 138 de leurs journaux, rapporté par le

242 1838 1159 145 Moniteur Francois, le 9 février

249 1959 1154 135 1790. Le caractère que j’ai donné

242 2058 1152 141 à un de leurs confrères, est une

462 299 772 112 AVANT- PROPOS.

1314 336 111 109 vij

312 2237 1077 141 *Voyez la note première à la fin de

234 2310 417 121 l’avant-propos.
