1848 2929
424 297 166 120 xviij

629 288 862 114 AVANT-PROPOS.

424 419 1170 113 s’entoure de fables qui sont comme

427 529 1169 105 autant de berceaux, à l’ombre des¬

434 641 1162 113 quels elle la contemple ; et lors¬

432 749 1162 119 qu’elle veut s’élever jusqu’à la Divi¬

432 864 1166 109 nité même, elle la voile d’allégories

429 981 1169 110 et de mystères pour en soutenir

434 1071 254 132 l’éclat.

529 1198 1069 115 Nous ne verrions pas la lumière

432 1308 1169 112 du soleil, si elle ne s'arrêtoit sur

429 1432 1174 103 des corps, ou au moins sur des nua¬

449 1540 1164 110 ges. Elle nous échappe hors de

432 1642 1176 112 notre atmosphère, et nous éblouit

436 1759 1170 108 à sa source. Il en est de même de

429 1867 1179 110 la vérité ; nous ne la saisirions pas

434 1986 1172 98 si elle ne se fixoit sur des événe¬

434 2099 1172 92 mens sensibles, ou au moins sur des

434 2211 1174 105 métaphores et des comparaisons

439 2313 1167 140 qui la réfléchissent ; il lui faut un
