3602 5281
1184 844 1092 119 et exaulsa sa priere en muant

1184 946 1079 119 la dicte chate en une tres belle ⁊

1184 1038 1074 115 bien formee pucelle. Et ce fait

1184 1135 1079 119 le dit iouuẽceau rempli du feu

1175 1219 1083 145 de charnelle cõcupiscẽce por rai

1180 1337 1074 110 son de la beaulte de la pucelle

1175 1421 1083 132 nouuellement trãfformee prĩt

1175 1509 1075 141 icelle pucelle et la mena en sa

1171 1606 1079 114 chambre pour en faire son plai

1175 1694 1070 119 sir. La dessus dicte deesse uenu ᷤ

1166 1799 1079 110 uolãt esprouuer se la dicte cha

1166 1883 1079 110 te auoit mue ses meurs ⁊ cõdi-

1166 1975 1075 115 tions en la dessus dicte trãffor-

1162 2050 1083 137 mation et mutation corporelle

1158 2165 1087 110 layssa aller une souris ou mili

1162 2248 1074 146 eu de la chamnbre en laquelle les

1162 2350 1079 123 dis iouuenceau et pucelle estoi

1158 2446 1083 124 ent couchie ᷤ. Et tantost la dicte

1153 2543 1083 115 pucelle non recordãt de sa mu-

1153 2631 1088 137 tation, de son amy et de ceulx qͥ

1153 2724 1083 123 estoiẽt presens se leua tout sou

1149 2820 1087 128 dainemẽt du lit ⁊ se print a cha

1149 2913 1092 119 cer et poursuiuir la dicte souris

1149 3005 1079 128 esperant la mẽger se par aduã

1144 3098 1084 123 ture elle l eust peu prẽdre. Et ce

1140 3177 1079 150 uoyãt la dessus dicte deesse ue-

1140 3287 1083 132 nus et que la dicte pucelle n a-

1140 3375 1074 132 uoit poĩt chãge ne perdu sa na-

1136 3463 1083 136 ture ferine bestiale ⁊ rauissable

1131 3560 1079 145 cõme toute irritee la remist ⁊ re

1131 3648 1075 149 stitua en sa premiere nature de

1127 3745 1074 149 chate. Car elle n auoit pas gar

1122 3833 1070 220 de les proprietes de nature hu-

2377 844 1079 163 maine ne d une femme raison-

2386 937 1079 154 nable. ⁋ Sens moral. ⁋ Cest

2391 1051 1065 128 apologue fable ou facecie pour

2382 1148 1074 119 parler moralemẽt ueult ẽnuer

2386 1232 1070 141 et dõner a entẽdre que les hom

2382 1333 1070 132 mes ⁊ fẽmes naturellement ĩ-

2377 1421 1075 150 iques et uicieux qui sont acou-

2382 1531 1070 132 stumes a rapine, traisõs ou au

2377 1610 1075 154 tres malefices suppose ore ᷤ que

2382 1716 1061 123 pour aucune temps ilz muẽt ler

2373 1808 1066 132 condition ou estat; touteffoi ᷤ ilz

2369 1892 1074 149 ne peuent muer leurs mauuai

2373 1989 1070 145 ses meurs et uicieuses inclina

2373 2090 978 123 tiõs esq̃lles ilz sõt habituez.

2470 2169 964 154 ⁋ Le quart apologie est d ũg

2518 2284 912 123 laboureur ⁊ de ses enfans.

2523 2367 911 198 ⁊ cõmẽce ou lati. Agricola

2355 3529 221 278 U

2580 3555 837 172 ng laboureur auoit plu

2333 3771 1075 119 ent continuellemẽt guerre ⁊ di

2580 3670 823 141 sieurs enfãs lesq̃lz auoi

2329 3850 1079 220 scort entre eulx ⁊ ne les pouoit
