3602 5263
1184 877 1079 127 oyseaux lesq̃lz ie esperoye pren

1180 973 1070 127 dre en passant temps a la chas-

1180 1074 1079 132 se. Mais pour ce que ie suis por

1180 1166 1075 114 le present hõme mal ĩstruit en

1184 1254 1066 136 fait de chasse et de gibier; et que

1180 1337 1075 145 suis du tout desacoustume de

1180 1429 1075 141 l usaige et industrie de la dicte

1175 1521 1075 136 chasse. A ce ᷤ cause ᷤ n ay sceu prẽ

1180 1627 1075 131 dre les dictes cailles; et me suis

1180 1719 1075 140 transffere ⁊ transporte a chasser

1180 1806 1070 145 une autre proie; ⁊ faire ma chas

1180 1907 1079 132 se acoustumee. C est uacquer a

1175 1999 1080 132 l estude des lettres. Et pour ce

1180 2096 1075 132 par ca ᷤ d auẽture est uenu entre

1184 2184 1075 140 mes main ᷤ ung petit liure grec

1184 2293 1062 110 lequel a este recouuert et trou-

1184 2372 1062 127 ue de une proye ⁊ bataille faic-

1184 2456 1071 144 te sur mer; lequel liure cõtient

1184 2570 1071 114 en soy trente ⁊ trois petites fa-

1188 2644 1067 145 bles, facecies ou apologues de

1184 2741 1071 127 Ezope poete grec. Ie les ay tou

1188 2842 1062 114 tes chassee ᷤ et prinses ou temp ᷤ

1180 2929 1070 127 et espace de deux iours; et icelle ᷤ

1188 3026 1071 136 conuerties de grec en latin. Et

1193 3127 1062 114 pourtant chier ⁊ parfait amy ie

1188 3219 1067 118 te enuoye les dicte ᷤ trẽte ⁊ trois

1188 3293 1067 132 petites fables ou cailles (se mi

1184 3407 1071 110 eulx cailles q̃ fables les ueulx

1184 3486 1066 141 appeller) en la prĩse ⁊ proye des

1188 3591 1067 119 quelles tu te puisse iouer, delec

1184 3688 1066 118 ter et recreer. Et certes se nous

1193 3776 1057 114 lisons q̃ octouian cesar ⁊ marcꝰ

1197 3872 1080 176 antonius prĩces ⁊ empereur ᷤ de

2369 864 1075 131 la terre se sont autreffois esiou

2369 951 1075 145 ys et qu ilz ont prins plaisir au

2369 1052 1066 145 gibier et esbat des cailles, toy qͥ

2369 1162 1070 118 aymes le ᷤ lettres tres parfaicte

2373 1258 1071 114 ment te esiouyras en ceste nou

2382 1342 1062 118 uelle maniere de chasse littera

2369 1438 1070 114 le. Et ainsi que se aucun chas-

2369 1535 1070 131 seur eust donne aux dessus dits

2369 1627 1070 122 octouian et marc ung des di ᷤ oy

2360 1701 1079 158 seaux il leur eust fait chose tres

2373 1815 1066 119 agreable et plaine de ioye; Ie te

2382 1903 1062 118 Deueray estre agreable et faire

2373 2004 1062 114 ioye se ie te enuoye en pur don

2369 2083 1070 145 plus de trente oyseaux de la des

2373 2184 1066 122 sus dicte maniere de chasser. Et

2369 2280 1070 123 sans doubte ces presentes peti-

2364 2368 1075 127 tes fables ou cailles nourrissẽt

2369 2477 1070 128 grandemẽt et n ont pas en soy

2369 2570 1070 114 moin ᷤ de fleur q̃ de fruit. Mais

2377 2644 1062 132 pour ce que cest chose insolente

2369 2758 1070 123 et peu agreable quãt aucũ loue

2369 2837 1066 123 attolle ou eslieue son don, a ce-

2377 2942 1053 119 ste cause ie feray cy fin et cesse-

2377 3030 1058 119 ray la louenge des dictes fable ᷤ

2382 3122 1057 119 Touteffoi ᷤ rescri ᷤ moy se tu ai

2373 3227 1062 110 mes mieulx auoir Des cailles

2373 3298 1062 149 urayes et naturelles que ces p̃

2364 3399 1075 131 sente ᷤ fable ᷤ, car quant ainsi se

2373 3495 1062 114 roit ie ne te enuoieroye pas seu

2386 3591 1053 132 lement Des cailles mais auec

2382 3688 1044 118 ques ce Des perdris. Escript en

2386 3776 1044 127 la cite de cayete ces kalende ᷤ de

2377 3881 838 140 may mil iiii.C.xxxuiii.
