3605 5202
238 819 1037 152 piece ᷤ car bien aperceut q̃ larrõ ᷤ

242 910 1029 139 y auoient amene de fines gens

238 1001 1041 139 Lors celui qui la dicte piece prĩ

234 1088 1045 143 se auoit, se prĩt a iurer ⁊ anathe

238 1187 1041 135 matiser qu il ne auoit ne sonste

234 1283 1050 121 noit la dicte piece et qu il n estoit

229 1361 1063 147 pa ᷤ du lieu uenu. Et l autre qui

229 1460 1042 126 la piece auoit iuroit qu il ne l a-

229 1543 1050 134 uoit poĩt prinse. Et en effect il

225 1638 1050 126 disoit uray; car son compaignõ

212 1720 1067 139 la luy auoit baillee. Le cuisini

216 1825 1050 125 er clerement uoyãt la subtilite

225 1924 1046 130 ⁊ cautelle desdis adolescẽs leur

225 2020 1050 117 dist. Suppose que ie ne aye pas

216 2098 1059 134 clere cõgnoissance en particuli

216 2180 1059 139 er du larron qui ma uiande prĩ

208 2271 1063 147 se a;touteffois celuy que uous

216 2388 1050 104 auez iure a qui riẽ ne peut estre

208 2453 1058 139 incõgneu ne ce le scet bien et cõ-

216 2553 1050 139 gnoist celui qui la uiãde a prin

216 2653 1050 125 se furtivement. ⁋ Sen ᷤ moral

221 2752 1037 135 ⁋ Le dessus dit apologue ou fa

212 2852 1054 113 cecie ueult innuer et dõner a en

216 2926 1046 121 tendre que suppose ores que le ᷤ

216 3025 1046 122 hõmes n ayẽt pas cõgnoissance

216 3121 1046 112 des furtz, larrecĩs et autre ᷤ ma

216 3220 1046 100 lefices faiz et perpetres par les

208 3307 1050 113 hõmes uicieux; touteffois dieu

208 3394 1041 117 qui uoit ⁊ cõgnoist toutes cho-

212 3498 1050 117 ses scet et apercoit non pas seu

199 3572 1054 143 lement leurs faitz mais auec-

203 3680 1050 130 ques ce leurs pensees et cogita

199 3771 503 208 tions secretes.

1509 788 950 157 ⁋ Le .uii. Apologue est de

1553 923 885 91 deux amis et d ung ours

1548 988 898 147 Et cõmence ou latin. Du

1544 1075 460 112 obus amicis

1396 2317 295 292 D

1678 2310 768 100 eux singuliers ami ᷤ a

1687 2392 759 109 loiẽt ung iour ensem-

1683 2466 759 135 ble ⁊ cheminoiẽt ꝑ un

1396 2570 1050 126 boys et ainsi qu ilz cheminoiẽt

1392 2661 1050 117 en diuisãt de lers affaires ung

1396 2765 1055 109 ours grant ⁊ merueilleux leur

1392 2839 1050 126 uĩt au deuãt. Et si tost q̃ l ung

1388 2934 1058 126 desdis ami ᷤ aduisa le dit ours il

1396 3030 1055 130 fut grandemẽt espouente et en

1383 3112 1063 139 effect cõme lasche de couraige

1392 3220 1050 113 abandonna sondit compaignõ

1388 3311 1063 113 et gaigna ung arbre ouquel il

1388 3402 1063 118 monta bien tost et legierement

1392 3489 1059 126 pour soy mucer. L autre uoiãt

1392 3589 1059 126 qu il n estoit pas puissant pour

1392 3684 1054 113 resister ne pareil a la force ⁊ uer

1383 3758 1063 221 tu dudit ours et que ou il uoul
