3617 5262
1189 841 1076 132 droit combatre ledit our ᷤ que fi

1193 942 1067 127 nablemẽt il seroit uaincu ⁊ sur

1193 1034 1063 128 mõte se lessa cheoir a terre ⁊ faĩ

1198 1131 1062 153 gnit estre mort. ⁋ Quant le dit

1198 1223 1053 136 ours fut arriue pres De celui qͥ

1185 1311 1075 153 le mort faignoit il uint sentir

1198 1411 1053 128 entour des orailles et autre ᷤ ꝑ-

1193 1499 1067 149 ties de la teste se il estoit mort

1198 1596 1058 136 ou uif. Et pour ce que celui qui

1193 1692 1080 140 ainsi faignoit estre mort tenoit

1185 1775 1062 154 son alaine tellemẽt qu il ne re-

1193 1876 1067 145 spiroit aucunemẽt. L ours esti

1193 1986 1072 105 ma qu il fust mort et a ceste cau

1185 2069 1075 136 se le laissa a sãs lui toucher. Car

1189 2148 1054 136 les naturelz philosophes diẽt q̃

1189 2245 1071 140 c est la ꝓpriete ⁊ nature de l our ᷤ

1185 2354 1075 119 de ne inferer aucune uiolẽce en

1185 2442 1080 136 la charõgne ⁊ corp ᷤ d ung hõme

1189 2538 1067 114 mort. L autre qui se estoit mu-

1189 2622 1084 136 ce dedã ᷤ les feullez et rameaux

1185 2718 1080 123 de l arbre ou quel il estoit mon-

1189 2819 1076 114 te quãt il eut aꝑceu q̃ l ours s en

1189 2889 1076 145 estoit departi ⁊ qͥl auoit laisse le

1185 3012 1075 101 corps de son cõpaignons sãs luy

1185 3095 1080 123 faire q̃lque blesseure, descendit

1185 3187 1080 123 du dit arbre et s en uint a sondit

1180 3279 1076 119 cõpaignon ⁊ amy en lui demã-

1189 3376 1076 132 dant. Mon amy q̃lels parolles

1185 3459 1080 136 secretes uous disoit l ours en l o

1180 3547 1076 123 reille quãt il approchoit sa te-

1185 3630 1080 145 ste si pres de la uostre. Et l autre

1185 3736 1071 122 lui respõdit facecieusem̃t. Sca

1180 3823 1071 184 uez uouz frere qͥl me disoit. Il

2379 841 1071 136 me disoit ⁊ amõnestoit q̃ iame ᷤ

2379 955 1062 114 ne me acõpaignasse quãt ie fe-

2379 1030 1066 127 roye chemĩ ou pelerinage auec

2383 1126 1058 145 tel amy cõe uou ᷤ estes qui m a-

2379 1232 1049 127 ue ᷤ abãdõne au besoing ⁋ Sẽs

2379 1311 1058 122 moral. ⁋ Le Dessusdit apolo-

2383 1420 1062 123 gue ou fable ueult ĩnuer ⁊ don

2379 1512 1066 127 ner a entẽdre q̃ on ne doit point

2383 1591 1062 123 q̃rir l aliãce ne cõpaignie de gẽs

2392 1710 1053 101 qui faignẽt soy porter amis, et

2387 1780 1054 127 quãt uiẽt le tẽps de dãgier ⁊ ad

2387 1894 1058 114 uersite ilz tirẽt le pie arriere et

2383 1968 1058 154 laissẽt leurs alliez en necessite.

2444 2148 988 149 Le .uiii. apologue est d ung

2523 2253 914 163 roseau de maraiz et d ũg o-

2528 2337 246 140 liuier.

2387 3560 216 241 C

2611 3565 826 153 Ertain proce ᷤ et debat se

2379 3753 1053 127 liuier por raison de certaine con

2607 3687 830 123 meut entre le roseau ⁊ l o-

2379 3850 1053 201 trouersie qͥlz auoiẽt sur certaĩe
