3629 5202
229 827 1032 157 peau il precedoit en beaute non

229 901 1028 169 pas seulem̃t ledit regnart mai ᷤ

229 997 1037 151 auecque ᷤ ce le ᷤ autre ᷤ beste ᷤ . Le

229 1101 1037 143 regnart pour ses deffences uoy

229 1196 1041 139 ant par lui qͥl pouoit aucu-

229 1296 1045 125 nement louer ne preferer sa pe

234 1369 1045 148 au a celle dudit liepart allegua

234 1478 1045 138 une raison peremptoire contre

225 1564 1054 135 ledit liepart. Et lui dist.. Tu te

234 1651 1045 135 iattez et uãtez a merueillez de

229 1760 1045 121 la beaute de ta peau, mais cer-

234 1842 1040 134 tes c est peu de chose au regard

234 1942 1036 130 de ma beaute interiore qui pre-

234 2033 1045 125 ce de ta beaute exteriore. Car na

238 2128 1041 113 ture m a donne couraige et pen

225 2197 1058 152 see de diuerses couleurs, cautel

238 2306 1045 130 les et subtilites de plusieurs et

238 2392 1036 126 differentes sortes. Par quoy ie

234 2483 1040 126 cõclus inuĩciblemẽt que ie doi ᷤ

238 2587 1036 105 estre cense et repute plus beau

242 2666 1024 125 que toy. ⁋ Sens moral. ⁋ Le

238 2774 1036 108 dessus dit apologue fable ou fa

242 2852 1037 121 cecie quãt au sens moral ueult

242 2956 1037 104 innuer ⁊ dõner a entẽdre q̃ la be

242 3025 1041 139 aute spirituelle ⁊ interiore de l a

242 3125 1037 121 me laquelle est douee et paree

242 3220 1045 126 de sciences et uertu ᷤ est plu ᷤ bel

247 3329 1040 108 le sans nulle cõparaison que la

242 3407 1041 126 beaute exteriore du corps tant

242 3507 1045 117 soit il bien pare De robes ou ri-

229 3580 594 139 ches uestemens.

407 3676 880 134 Le tier ᷤ apologue ou fable

247 3801 147 135 C

394 3784 885 199 est d une chate et de uenus.

1530 788 845 152 Et commence ou latin.

1539 897 598 147 Cata quedam ⁊c.

1699 2197 750 135 Ng ieune iouuẽceau

1699 2297 746 147 de exquise forme ⁊ spe

1413 2189 295 345 U

1690 2388 759 143 ciosite auoit en sa mai

1400 2466 1045 156 son entre autres chose ᷤ une tres

1400 2579 1045 143 belle et plaisante chate. Iceluy

1400 2666 1049 125 iouuenceau considerant la be-

1400 2752 1062 130 aute de la dicte chate disoit a

1400 2861 1054 121 soy mesmes. Ie uouldroye que

1404 2943 1077 134 i eusse une aussi belle femme q̃

1404 3043 1050 121 tu es belle chate. Et lui estant

1409 3138 1040 121 en ceste pensee et ardeur de lu-

1404 3225 1050 138 xure fist la priere a la deesse ue

1404 3311 1058 126 nu ᷤ mere de cupido dieu d amor ᷤ

1404 3407 1058 126 qͥl lui pleust muer sa dicte cha-

1404 3498 1058 134 te en une belle ieune pucelle, af

1404 3602 1058 126 fin qu il peust auoir sa compai-

1409 3684 1117 130 gnie et estaindre l ardeur desus

1404 3771 1071 191 dicte. La deesse eut pitie de lui

2198 3866 216 169 A iiii
