3617 5262
1150 885 1084 136 Elle considera en soy mesmes

1158 995 1071 123 que se elle doubloit la portion

1150 1069 1084 141 de sa geline en lui donnãt a mẽ

1145 1175 1089 144 ger autant en ung iour qu elle

1145 1276 1089 118 auoit acoustume lui donner en

1145 1363 1089 132 deux qu elle pondroit tous les

1145 1442 1089 132 iour ᷤ deux eufz; Et ce continua

1150 1534 1079 141 la dicte uefue par si long temp ᷤ

1150 1639 1079 128 que la dicte geline deuĩt si par-

1150 1732 1079 136 faictement grasse qu elle ne põ

1154 1832 1075 119 noit plus ne ung ne deux eufz.

1154 1916 1075 127 dont la dicte uefue fut grande-

1154 2003 1071 136 ment descõfortee. ⁋ Sens mo

1154 2104 1075 123 ral. ⁋Le dessusdit apologue ou

1163 2205 1071 123 fable ueult innuer et donner a

1163 2293 1066 123 entẽdre q̃ aucũs sont uertueux

1154 2372 1071 131 et plains de grãde industrie ⁊ di

1163 2477 1062 118 ligẽce tãt qu ilz ont peu de bien ᷤ

1163 2582 1062 110 lesquelz si tost qu ilz sõt esleuez

1163 2679 1062 105 et rempli ᷤ de biẽs suꝑflus ilz se

1158 2753 1067 123 departent de uertu; et deuiẽnẽt

1172 2859 1057 114 oesifz ⁊ negligẽs; et portent sou

1167 2946 1067 119 uent dõmaige a ceulx qui ainsi

1163 3025 1001 167 angresses et remplis les ont.

1224 3196 1001 167 ⁋ Le .ui. apologue est de deux

1308 3323 908 110 ieunes adolescens. Et cõ-

1308 3407 913 127 mẽce ou latin. duo adoles

1308 3499 355 123 centes ⁊c.

1154 3670 316 421 D

1452 3679 777 140 eux ieunes adolescen ᷤ

1448 3788 773 123 entrerẽt en la maison

1452 3863 773 201 d ung rotisseur et cuisi

2352 2017 1071 127 nier pour achater leur souper ⁊

2361 2113 1062 140 ainsi qͥlz marchandoient certai

2352 2201 1071 131 nes piece ᷤ de cuisine le cuisinier

2357 2310 1062 128 fut empesche et lui cõuint uac

2352 2407 1067 109 quer et entendre a certains af-

2357 2490 1062 136 faires et negoces domestiques

2361 2600 1054 109 qu il auoit a faire par la maisõ

2361 2679 1062 123 Et ce pendant l ung desdis ieu

2352 2762 1067 123 nes adolescens print une piece

2357 2876 1066 105 de la uiande par eulx marchã

2357 2951 1058 122 dee ⁊ la bailla a son cõpaignon

2348 3051 1071 110 qui la mussa ⁊ cacha secretem̃t

2357 3144 1053 118 Quant le dit cuisinier fut retor

2352 3231 1058 136 ne de ses affaires il se prĩt a pẽ

2348 3336 1067 110 ser en son cas et cõtempler quã

2348 3420 1071 114 tes pieces De uiãde il auoit. Il

2357 3525 1062 105 aperceut q̃ il luy en failloit une

2339 3604 1076 118 piece. Et adonc demãda a ceulx

2357 3700 1058 119 qui presens estoient qui auoit

2352 3788 1067 123 prins et desrobe de la uiãde ⁊ qͥl

2357 3889 1062 171 luy en failloit une desdictes
