3636 5233
288 850 964 139 ⁋ Le premier Apologue ou

375 933 877 135 fable est du regnart et Du

366 1007 886 152 cheureau. Et cõmence ou

375 1116 502 153 latin. Uulpes.

226 2385 284 331 L

519 2389 733 127 E regnart ⁊ le cheure

501 2490 751 139 au ung iour D este ou

515 2590 737 131 quel faisoit grãt et ex

231 2655 1026 144 cessif chault estoient alteres et

235 2764 1022 131 mors de soif. Et pour subuenir

226 2856 1035 131 a leur alteration firent diligen

231 2943 1039 144 ce de cerchier aucune riuiere ou

231 3030 1026 140 autre eaue en laquelle ilz peus

222 3131 1035 139 sent boire. Finablemẽt trouue-

231 3222 1034 127 rent ung uiel trou en maniere

226 3327 1035 118 de puys assez parfõd ou quel ilz

231 3414 1039 113 descendirẽt ⁊ auquel ilz beurẽt

222 3501 1035 127 a leur aise. ⁋ Apres ce qu ilz eu-

235 3602 1030 126 rent parfaictemẽt estaint leur

226 3693 1039 131 soif; le cheureau se prĩt a regar-

226 3798 1044 161 der contremont et considerer la

1370 824 1052 117 maniere cõment ilz sortiroient

1374 911 1039 122 dudit puys. Ce q̃ le regnart aꝑ

1361 1002 1061 127 ceut assez clerement. Car sa na

1370 1098 1052 118 ture est D estre tousiours cault

1370 1186 1052 122 et subtil. Et tantost dist iceluy

1370 1290 1052 109 regnart au dit cheureau. Mon

1370 1382 1052 113 compaignons ayez bon courage

1370 1478 1052 113 ne te soussie point de la manie

1370 1561 1052 113 re de sortir d yci dedãs. Car i ay

1366 1639 1056 131 ia trouue le moyen par leq̃l noꝰ

1366 1735 1060 127 pourrons sortir et retourner en

1374 1822 1048 136 hault. Et pour ce faire uoy cy

1374 1923 1052 126 la maniere conuenable. Tu te

1370 2019 1061 117 dresseras tout droit et mettras

1370 2101 1056 127 les pied ᷤ de deuãt contre la pa-

1366 2189 1065 148 roy; puis apres besseras la teste

1370 2289 1065 126 ⁊ les cornes entre tes iãbes tãt

1374 2394 1061 104 que ton menton touchera a ta

1379 2490 1056 122 poitrine; et ie monteray sur ton

1379 2564 1056 117 dos en me prenant a tes cornes

1379 2664 1056 126 et me lanseray ⁊ tireray hors de

1383 2760 1052 113 ce puys. Ce fait ie te tireray et

1383 2847 1057 114 mettray hors du dit puys. ⁋ Le

1383 2930 1061 144 cheureau fut simple et ignorãt

1383 3035 1061 117 et creut et aquiessa au cõseil du

1383 3117 1052 123 dit regnart lequel conseil lui sẽ

1388 3209 1060 140 bloit estre bon san ᷤ fraude ne si

1383 3318 1070 118 mulation quelcũque. Et incon

1383 3405 1070 118 tinent le dit regnart se ietta sur

1374 3475 1070 135 le dit cheureau et sortit hors fa-

1379 3571 1074 126 cilement du dit puys. Et ce fait

1370 3667 1087 135 se print le dit regnart a Danser

1383 3754 1070 196 ⁊ saulter sur le bort du dit puys

2213 3872 187 166 A iii
