3629 5202
268 849 1063 130 le dit pere apointer ne acorder ẽ

277 940 1041 143 semble. Pour laq̃lle chose faire

273 1023 1049 134 il cõmanda que on lui aportast

264 1105 1058 134 une grãde quãtite de boys ou q̃l

268 1205 1045 143 eust plupͣr ᷤ uerges ⁊ bastõ ᷤ, ce q̃

268 1317 1063 113 luy fut aporte en la presence de

255 1387 1063 151 ses dis enfãs. Et tãtost le dit pe

264 1478 1049 125 re mist tout le boys en ung fais

255 1573 1054 139 seau ⁊ cõmanda a chascũ de ses

255 1664 1058 126 dis enfãs qͥlz leuassẽt ⁊ ostassẽt

255 1747 1063 134 chascũ a part soy le dit faisseau

255 1846 1058 135 du lieu ou quel il estoit. Ce qͥlz

251 1959 1067 113 ne peurẽt faire por la pesãteur

255 2028 1058 148 de celui. Et pourtãt le labourer

251 2137 1062 121 dessus dit deslya le dit fardeau ⁊

242 2228 1071 121 en bailla une uerge a chascũ de

247 2327 1062 113 ses dis enfãs en ler ꝯmandãt qͥlz

251 2405 1058 126 rõpissent les dictes uerge ᷤ ⁊ q̃ fi

251 2501 1067 121 nablemẽt ilz dissolussẽt ⁊ ostas

247 2605 1066 121 sent le dit faisseau par parties.

238 2692 1084 108 ce qu ilz firẽt legierem̃t. A ceste

251 2770 1054 138 cause le dessus dit pere dist a ses

242 2865 1063 126 di ᷤ enfãs. Me ᷤ filz tãt cõme uoꝰ

251 2978 1054 108 uiures ensẽble en paix ⁊ q̃ seres

242 3060 1054 121 dũe mesme uoulẽte nul ne uoꝰ

242 3155 1058 117 pourra nuyre ne greuer ain ᷤ se

242 3238 1058 125 res inuĩcibles, ⁊ ne uoꝰ pourrõt

234 3329 1062 130 uoz ẽnemis esbranler ne mou-

238 3424 1054 122 uoir de uostre estat n en plꝰ q̃ uoꝰ

238 3507 1054 125 n auez peu chascũ ꝑ soy leuer le

229 3615 1054 108 fardeau leq̃l auez facilem̃t de-

238 3710 1041 113 faict par parties. Et au cõtrai-

234 3797 1053 186 re se uoꝰ uiuez en hayne, sediti

1448 845 1075 126 on et discorde uoꝰ serez facilem̃t

1452 932 1071 121 deffaiz par uoz aduersaires qui

1448 1036 1066 117 uous froisserõt ⁊ prẽdrõt cõme

1452 1131 1062 121 ler proye chascũ ꝑ soy, ce qͥlz ne

1443 1205 1063 147 porrõt faire tãt q̃ seres unis en

1448 1309 1062 125 bõne amour ⁊ uraye union en-

1426 1382 1080 135 sẽble. ⁋ Sẽs moral. ⁋ Le des-

1430 1473 1080 130 sus dit apologue ueul dõner a ẽ

1430 1564 1080 135 tẽdre q̃ toutes choses soiẽt roy-

1452 1677 1054 126 aulmes ou autres seigneuries

1443 1764 1067 130 prennẽt accroissemẽt ⁊ ꝓsperite

1439 1864 1067 125 par ꝯcorde ⁊ union de ceulx qͥ en

1448 1942 1058 134 ont la charge ⁊ gõuernem̃t. Et

1435 2041 1066 126 au cõtraire q̃ elles encorurẽt en

1435 2119 1079 152 grãs dõmage ᷤ ꝑ leur discord et

1430 2223 334 109 diuision.

1591 2258 906 195 Le .u. apologue est d une fẽ

1487 2410 711 199 me ⁊ d une geline.

1439 3489 199 473 U

1647 3520 841 130 ne poure fẽme auoit une

1426 3697 1062 130 toꝰ les io᷑s ung euf ⁊ de ce estoit

1643 3619 845 139 geline laq̃lle luy põnoit

1422 3793 1071 216 la dicte poure fẽme fort ioyeuse
