933 1716
742 134 47 69 4

150 337 562 51 AV ROY DE FRANCE

216 381 427 46 ET DE POLOIGNE.

75 441 190 182 L

267 454 512 55 ES Rois, enfans du Ciel, ſont de Dieu

301 497 155 52 les images:

264 530 514 60 Iupiter en prend cure & les garde d’ou¬

294 580 105 49 trages,

81 610 521 53 Il les fait reuerer, reputant les honneurs

81 646 653 63 Eſtre à luy meſme faits, qu’on rend à ſes ſeigneurs.

82 696 652 50 Quand ils ont quelquefois leurs ames trop cruelles,

82 729 626 56 Outrageant leurs ſuiets qui ne leur ſont rebelles,

80 769 578 54 Bien qu’épris de colere, il les fait à tous coups

78 810 583 50 Par ſignes aduertir de ſon ardant courroux.

78 849 637 53 Il trouble l'air de uents,d’éclairs & de tonnerres,

75 889 611 54 Il fait enfler les mers,il fait trembler les terres,

77 926 596 59 Fait pallir du Soleil le grand front lumineux,

78 972 554 47 Ou ſur le ciel attache vn Comete crineux:

80 1008 552 57 A fin qu’eſpouuantez de ſa dure menace,

80 1046 595 56 Ils amendent leur vie & recouurent ſa grace:

81 1083 611 58 Tant il leur eſt clement, & tant peu volontiers

78 1133 580 51 Il venge les forfaits des monarques fautiers.

111 1169 637 53 Mais des bons qui la paix & la iuſtice honorent,

77 1202 591 59 Et ſemblables à vous les cruautez abhorrent,

77 1242 629 63 Il a touſiours le ſoing, leur ſceptres il maintient,

77 1289 607 55 Et contre tous haineurs leur querelle ſouſtient.

77 1327 581 52 Il veut que les vertus de leur ame enfantees,

80 1364 604 66 Comme celeſtes, ſoyent par les Muſes chantees.

507 1405 98 67 A.iiij.
