902 1723
382 132 201 37 AV ROY.

139 166 652 60 Pour l'heur de voſtre vie, & qu’il vous ſoit permis

142 211 669 53 De gouuerner long temps nous vos peuples commis:

143 249 657 61 Que touſiours la victoire accompagne vos bandes,

139 287 554 57 Soit allant inueſtir les troupes Alemandes,

140 327 553 56 Soit le brun Eſpagnol, ou le Breton mutin,

142 367 612 60 Ou ceux qu’entre deux mers ſepare l’Apennin.

143 416 615 47 Que les Rois ennemis qui vous feront la guerre,

140 447 667 55 Abandonnez de Dieu ſoyent chaſſez de leur terre:

137 486 648 61 Perdent gloire & Empire, & du malheur chetifs,

140 528 684 60 A vos pieds, leurs ſauueurs, ſoyent preſentez captifs,

140 570 537 56 Et que ie puiſſe d’eux faire une tragedie,

140 605 606 61 Semblable à celles-cy, qu'humble ie vous dedie:

140 644 651 60 Où i'empoule des vers pleins de ſang & d’horreur,

140 684 581 59 De larmes, de ſanglots, de rage & de fureur.

139 727 640 55 Dont, comme n’eſtant pas de uos maieſtez dignes,

140 763 657 62 Ie n’oſe accompagner le doux chant de vos Cygnes,

140 809 599 56 Croaſſant enroué quand ie veux quelquesſois

142 848 607 58 Vos louanges ſonner, ſuiect de trop grand poix.

170 887 617 60 Ma naſſelle trop foible & craintiue des vagues,

137 926 608 60 N’oſe de la grand' mer courir les ondes vagues,

137 967 563 55 Lechant touſiours le bord, ou ſi aucunesfois

139 1015 580 44 Elle entre plus auant, c’eſt ſur les fleuues cois:

139 1048 617 56 Mais ſi vous la guidez qui eſtes mon Neptune,

139 1088 580 54 Elle courra par tout ſans crainte d’infortune,

139 1127 580 51 Ne redoutant les rocs, les Syrtes, ny les bancs,

140 1173 660 50 Ny que les uents eſmeus luy donnent par les flancs,

143 1206 626 58 " Prochaine d’abyſmer. Car qui eſt en la garde

143 1252 684 68 " D'un fi grãd Dieu que uous, ſeuremẽt ſe haſarde.
