925 1723
738 159 36 56 7

83 376 686 89 ARGVMENT DE

137 453 568 69 LA TRAGECOMEDIE

238 511 362 59 DE BRADAMANTE.

76 582 169 203 A

249 597 522 49 PRES que les Saraſins ſurent rom¬

249 630 520 64 pus & chaſſez deuant Paris, Roger

247 677 524 48 embarqué auec autres Princes re¬

251 712 514 56 ſtez de l’armee, eſt ſurpris de tour¬

244 750 524 61 mente en la mer d’Afrique. Les hõ¬

73 788 692 59 mes & vaiſſeaux abyſmez il ſe ſauue à naige ſur

74 822 691 66 vn rocher, auquel habitoit vn veil Hermite, qui

70 861 695 65 l'aduertiſt de ſon ſalut, & luy fait recongnoiſtre

71 903 696 57 Ieſus-Chriſt. Roland, Oliuier, & Sobrin y ar¬

71 947 694 52 riuent auec Renaut au retour du cõflit de Lipa¬

73 979 694 66 duſe: reſiouis de la rencontre de Roger & de ſa

71 1026 694 52 conuerſion en noſtre Foy, ils accordent maria¬

74 1066 690 56 ge entre luy & Bradamãte, laquelle il aimoit par

70 1102 694 61 mutuelle affection. Et tous enſemble rembar¬

70 1138 694 62 quez, & abordez en France, s’acheminent à la¬

70 1183 694 51 Cour, où ils trouuent les Ambaſſadeurs de Cõ¬

70 1217 694 62 ſtantin Empereur de Grece, enuoyez pour ne¬

71 1254 691 59 gotier le mariage d’entre Leon ſon ſils & Bra¬

71 1295 690 60 damãte, que le pere & la mere deſiroyent auoir

73 1341 688 57 pour gendre. Et pour ce ne veulent point ouir

71 1374 688 71 parler de Roger, ſimple cheualier. Dequoy de¬

517 1420 102 64 A.vij.
