932 1719
738 140 40 66 8

75 187 693 57 mee & faire tant de beaux faits d’armes, enten¬

75 222 693 60 dant qu’on le vouloit faire mourir, eſmeu de

74 263 693 59 pitié, delibere de le ſauuer. Et à ceſte fin ſ'eſtant

71 297 697 65 faict ſecrettement introduire de nuités priſons

71 345 696 54 il l’en retire & le meine en ſon logis. Mais in¬

71 386 697 56 continent apres, ayant entendu, auoir eſté pu¬

71 416 698 65 blié par toutes les terres de lempire d’Occidẽt

71 461 697 58 que quiconque voudroit eſpouſer Bradamante

71 499 698 61 deuoit la conquerir à forces d’armes comba¬

73 541 694 56 tant auec elle pair-à-pair, s’aduiſa de mettre

71 575 696 63 en ieu ſon cheualier. Et de faict le ſupplia

70 620 694 57 de vouloir pour luy & ſous ſes armes entrer

65 658 696 62 contre elle en combat, s’aſſeurant de la vain¬

68 693 689 67 cre par ſa vertu. Ce qu’il ne luy oſa refuſer,

68 740 694 55 pour les fraiſches obligations qu’il auoit ſur

68 777 696 56 luy. Sur cette fiance ils s’acheminent en France

70 817 694 56 où Leon ſe preſente à Charlemagne, qui fait

68 858 693 57 trouuer Bradamante. Elle pour ſe deueloper

67 892 692 57 des importunes pourſuittes des Ambaſſadeurs

67 929 691 60 de Leon, ſ'eſtoit auparauant aduiſee d’impetrer

67 975 692 59 de l’Empereur ceſte declaration : preſumant

67 1011 690 57 que Leon ny autre ſeigneur Chreſtiẽ, fors Ro¬

70 1051 687 59 ger ſeul, ne la pourroit conquerir. Roger con¬

67 1092 690 55 traint par la force de ſes promeſſes, entre en li¬

64 1138 693 49 ce auec extreme regret, couuert des armes Im¬

64 1173 695 57 periales comme s’il euſt eſté Leon. Il combat

64 1207 693 62 & ſurmonte Bradamante, puis ſe retire ſaiſi de

64 1247 690 58 merueilleuſe triſteſſe, Il monte ſur ſon che¬

64 1290 690 57 ual & entre au fond d’vn bois pour s’y confi¬

64 1330 691 56 ner. Leon d’autre part ioyeux de ſa victoire

67 1363 681 85 va demander Bradamante à Charlemagne, la¬
