928 1723
711 114 43 53 10

71 350 673 73 BRADAMANTE,

137 426 536 76 TRAGECOMEDIE.

198 567 416 56 ACTE I. SCENE I.

305 640 230 57 Charlemagne.

73 705 247 277 L

318 683 439 59 Es ſceptres des grands Rois vien¬

351 725 309 53 nent du Dieu ſupréme,

328 760 433 58 C'eſt luy qui ceint nos chefs d’vn

353 811 214 49 royal diadême,

324 839 437 64 Qui nous fait quand il veut re¬

359 887 251 52 gner ſur l’Vniuers,

328 920 430 53 Et quand il veut fait cheoir no¬

353 957 299 61 ſtre empire à l'enuers.

68 1000 635 55 Tout depend de ſa main, tout de ſa main procede,

68 1043 668 58 Nous n’auons rien de nous, c'eſt luy qui tout poſſede,

66 1084 576 53 Monarque vniuerſel, & ſes commandemens

68 1130 584 50 Font les ſpheres mouuoir & tous les elemens.

97 1163 576 53 Il a mis ſur mon chef la Françoiſe couronne,

70 1204 560 49 Il a fait que ma voix toute la terre eſtonne,

70 1243 625 57 Et que l’Aigle Romain perche en mes eſtendars,

73 1283 579 58 Guide des eſcadrons de mes vaillans ſoudars.

68 1323 502 58 L’Itale m'obeit, la ſuperbe Alemagne,

73 1365 530 73 Et les Rois reculez de l’ondeuſe  Bretagne.
