929 1723
245 132 327 44 TRAGECOMEDIE.

723 127 40 59 11

71 175 542 59 Et chaßé Ieſus-Chriſt des terres Iberides:

74 219 516 58 Si que le riche Tage au beau ſable doré,

77 261 481 49 Voyoit au lieu de luy Belzebut adoré.

103 300 665 53 O Dieu, noſtre vray Dieu, qu’il fallut que nos peres

73 343 532 47 Euſſent bien excité tes dormantes coleres,

78 380 539 47 T'euſſent bien irrité d’execrables forfaits,

77 420 619 50 Pour monſtrer de ta main de ſi ſanglants effets!

76 460 529 54 Pour nous aſſuietir à ceſte gent Payenne,

74 499 573 56 Et ſouffrir profaner ton Egliſe Chreſtienne,

76 539 588 55 Pour qui en corps mortel du Ciel tu deſcendis,

74 582 593 49 Et lauant nos mesfaits, ton ſang tu reſpandis!

80 620 580 53 Toy Dieu de l'Vniuers, dont la dextre diuine

78 666 486 50 A baſti, a formé ceſte ronde machine,

83 700 644 53 Sans forme & ſans matiere, & ſans obiect aucun,

81 740 644 51 Sans outils, ſans ſecours que de toy qui n’es qu'vn.

111 785 599 50 Ils ne furent contans d’aſſeruir les Heſpagnes,

80 819 676 53 Mais des hauts Pyrenez franchirent les montagnes,

77 860 630 50 Et en tourbe innombrable ouurirent les deſtroits

83 898 650 56 Des grands rochers mouſſus qui s’eleuent ſi droits.

80 937 567 52 Ils deſcendent au bord, où la viſte Garonne

83 979 626 56 Courant dans l’Ocean en ſes vagues bourdonne,

84 1025 510 50 Et, iurez ennemis, font execrable vœu

83 1058 568 57 De faire tout paſſer par le glaiue & le ſeu.

110 1101 580 53 Celuy pourroit nombrer les celeſtes lumieres,

83 1137 656 53 Les raiſins de l'Autonne, & les fleurs printanieres,

78 1180 598 50 Qui auroit peu compter les ſcadrons aguerris,

80 1220 596 53 Qui auec Agramant vindrent deuant Paris.

78 1257 675 52 Ils couuroyent de leurs rangs la poudroyante plaine,

77 1299 679 56 Leurs cheuaux eſpuiſoyent les claires eaux de Seine:

81 1339 563 52 L’air reſonnoit de cris, les bataillons preſſez

83 1384 606 61 Mouuoyent de toutes parts de picques heriſſez:
