927 1723
63 156 626 59 Les feit en grand carnage abandonner nos tours:

63 205 572 52 Ils ſe mirent en route, & la campagne verte

64 242 565 52 Se veit incontinent de ſang Payen couuerte.

66 279 613 54 Ils ont quitté la France, & cuidant par les flots

66 317 656 62 Tromper la main de Dieu qui fondoit ſur leur dos,

66 358 506 58 Ont eſté deuorez des ondes vengereſſes,

64 397 591 53 Si que rien n’eſt reſté de ces troupes traitreſſes.

96 439 557 60 Marſille dans l’Eſpagne a retiré ſon camp:

64 478 576 61 Mais Agramant, Sobrin, & le Roy Serican,

66 521 566 50 Reliques du nauſage, ayant appris la perte

66 558 544 63 De l’Empire African, & le ſac de Biſerte,

68 603 493 51 Ont dedans Lipaduſe attiré par desfis

67 637 529 57 Oliuier & Roland, qui les ont deſconfis.

68 679 541 56 Ore il faut louer Dieu de ſi belle victoire,

70 717 526 65 Et à ſa ſeule grace en addreſſer la gloire.

270 795 286 70 SCENE II.

204 880 419 66 Charlemagne. Nymes.

375 953 71 49 Ch.

67 996 86 93 N

156 1002 594 56 Ous contenterons-nous de les vaincre à demy?

158 1042 604 60 Ny. Ne uous ſuſfit-il pas de chaſſer l'ennemy?

68 1076 618 64 Ch. Ce ne m’eſt pas aſſez de deſendre ma terre.

68 1118 694 63 N. Que demãdez-uouz plus que d’acheuer la guerre?

68 1158 621 59 Ch. Vn Empereur Romain ne ſe peut dire auoir

67 1196 592 66 Pour chaſſer un Barbare aſſez fait de deuoir,

70 1239 548 57 Qui pourra retourner auec nouuelle force.

68 1275 686 67 Ny. Son maſheureux ſuccez ne luy ſert pas d’amorce,

67 1315 573 70 Pour franchir de recheſ les rochers Pyrenez,

70 1353 535 82 Et repiller encor nos champs abandonnez.

238 113 321 53 TRAGECOMEDIE.

708 116 46 54 12
