905 1723
162 166 596 50 Ch Agramant eſt occis, le Roy de Barbarie,

162 212 629 50 Gradaſſe & Mandricart, honneur de Tartarie:

160 251 439 49 Roger a delaißé ſa deteſtable loy,

162 282 633 53 Comme ſa ſœur Marphiſe & Sobrin le bon Roy:

156 324 611 56 Mais le fier Rodomont, Ferragus & Marcille,

160 364 625 55 Valeureux combatans & mille autres & mille,

163 410 678 55 Que l’Eſpagne & l’Afrique ont nourris, ne ſont pas,

158 446 640 56 Semence de grands maux, trebuſchez au treſpas.

159 483 681 62 Ny. Ils ſont aſſez puiſſans pour leur terre deſendre.

158 534 645 46 Mais non pas poux oſer contre vous entreprendre,

156 562 598 59 Pour la France aſſaillir, mere des Cheualiers,

159 604 635 53 Mere des bons ſoudars, qu'elle enfante à milliers.

159 644 691 58 Ch. Nous auons veu ſur nous l’Eſpagne & la Libye,

158 684 574 56 Mais non les eſtendars de l’ardante Arabie,

159 727 618 55 Non les Soldans d’Egypte, & les Rois mecreans

159 768 583 48 Qui foulent les ſablons des bords Cyreneans.

155 805 696 65 Ny. Ceux-la, trop eſloignez de nos Chreſtiẽnes terres,

156 852 625 52 Ne viendront pas icy nous rallumer des guerres:

156 891 585 53 Laiſſez-leur lamenter leur funebre accident,

158 927 577 57 Et voſtre âge en plaiſirs esbatez ce pendant.

158 966 600 59 Ch. il nous faut rebaſtir nos Egliſes rompues,

156 1010 588 53 Où ſe ſont pur ſur tout leurs cruautez repues:

156 1043 527 59 Rebaſtir nos citez de murailles & tours,

155 1085 579 59 Repeupler de paiſans nos villagres & bourgs.

155 1124 579 59 Ny. Il vous ſaut rappeller les uertus exilees,

158 1170 511 46 Et les faire honorer les ayant rappelees.

156 1204 687 59 Ch. Nos peuples sõt beaucoup par la guere eſclaircis,

155 1247 586 56 Mais les vices au lieu ſont beaucoup eſpaißis.

156 1282 652 63 Ny. C'eſt office d'vn Roy d’en purger ſa contree:

155 1323 574 61 Inutile eſt la Paix ſans ſa compagne Aſtree.

155 1362 560 76 Vous deuez en repos vos peuples maintenir,

362 124 288 42 BRADAMANTE,

767 1418 80 55 Et de
