940 1716
240 104 322 41 TRAGECOMEDIE.

718 95 41 58 13

67 141 489 56 Et de ſeueres loix leurs offenſes punir.

71 188 641 55 Ch. Ie veux recompenſer vn chacun de ſes peines,

65 228 580 50 Eſtrangers,citoyens, ſoldats, & Capitaines:

71 265 568 56 Bradamante & Roger ſous vn amour égal

71 306 594 51 Conioindre enſemblément d'un lien coniugal.

71 346 611 54 Ny. Aymon ne le veut pas preſerant l’alliance

70 386 536 51 De Leon, heritier des ſceptres de Byſance.

71 429 634 52 Ch. Mais ſe de la combatre il n’auoit le pouuoir,

71 471 575 45 Selon mon ordonnance il ne ſçauroit l'auoir.

72 507 689 53 Ny. Donc cõme il falloit vaincre à la courſe Atalãte,

70 549 691 60 Il faut qu’on puiſſe vaincre au combat Bradamante.

191 624 448 58 ACTE II. SCENE I.

254 707 325 56 Aymon. Beatrix.

376 777 56 56 Ay.

75 823 69 96 L

144 822 579 63 E party me plaiſt fort. B. Außi fait-il à moy.

147 866 608 59 A I'en ſuis tout trãſporté. B. Si ſuis-ie par ma foy.

72 905 560 58 Ay. Ce que ie priſe plus en ſi belle alliance,

75 945 620 60 C’eſt qu’il ne faudra point debourſer de finance.

74 985 631 61 Il me demande rien B. Il eſt trop grand ſeigneur.

77 1028 622 55 Qu'a beſoing de nos biens le fils d’un Empereur?

71 1066 618 59 Ay. Ce nous eſt toutesfois vn notable auantage

74 1105 546 56 De ne bailler vn ſon pour elle en mariage:

74 1144 684 65 Meſmement auiourd'huy, qu’il n’y a point d’amour.

75 1185 561 61 Et qu’on ne fait ſinon aux richeſſes la cour.

78 1229 531 58 " La grace, la beauté, la vertu, le lignage

78 1274 653 48 " Ne ſont non plus priſez qu’vne pomme ſauuage.

78 1307 653 60 " On ne veut que t’argent: vn mariage eſt ſaint,

78 1352 665 65 Eſt ſortable & bien fait quand l’argent on eſtreint.

556 1388 67 57 B.i.
