949 1723
237 114 326 49 TRAGECOMEDIE.

720 113 36 49 15

58 153 574 58 Il aime ce Roger. Que maudite ſoit l’heure,

60 198 505 59 Auolé, que tu veis ceſte belle demeure:

63 239 493 59 Ie ſerois trop heureuſe, & ore le Soleil,

63 277 549 60 Ne verroit rien qui fuſt à mon aiſe pareil

63 313 642 66 Sans toy, ſans toy, Rogrer, qui fraudes mon attente

63 358 609 61 Priuant du ſceptre Grec ma fille Bradamante.

264 406 293 82 SCENE II.

149 475 525 63 Renaud. Aymon. La Roque.

381 521 64 50 Re.

80 557 79 103 Q

161 551 599 66 Voy? mõſieur, voulez-vous forcer vne amité?

166 597 539 63 Eſtes-vous maintenant vn pere ſans pitié?

70 636 575 60 Qui vueillez Bradamante vne fille ſi chere,

63 677 630 55 Bannir loing de vos yeux & du ſein de ſa mere,

70 719 631 56 Pour malgré ſon uouloir, qu’elle ne peut changer,

69 762 590 54 La donner pour eſpouſe à ce prince eſtranger?

66 796 654 58 Elle ne l’aime point, & qu’y voudriez-vous faire?

71 837 692 58 " Vous ſçauez que l’amour eſt touſiours volontaire:

73 880 526 51 " Il ne ſe peut forcer, c’eſt vne affecfion

74 920 552 57 " Qui ne ſe donte point ſinon par fiction.

71 959 656 56 " Le cœur touſiours demeure en ſa libre franchiſe,

73 999 666 59 " Mais le front & la voix bien ſouuent le deguiſe.

69 1038 605 58 Ne la contraignez point, vous ſeriez à iamais

73 1081 602 54 Faſché de luy voir faire vn meſnage mauuais.

70 1117 623 61 Ay. Qui te fait ſi hardy de me venir reprendre?

71 1158 610 59 Penſes-tu que de toy ie vueille conſeil prendre?

74 1198 637 62 Dequoy t’empeſches- tu? me viens-tu raiſonner?

70 1240 587 60 Et quoy? qui t’a ſi bien appris à ſermonner?

70 1280 644 56 O le braue cerueau! Re. Ce que ie viens de dire

74 1318 701 60 N’eſt pas pour voꝰ preſcher ny pour vous cõtredire. (rer

73 1358 702 85 A pourquoy dõc? qui te meut? R. C'est pour voꝰ decla¬

544 1404 87 59 B.iij.
