937 1723
250 132 324 41 TRAGECOMEDIE.

728 126 43 46 16

74 166 684 70 Dans les yeux d'vn chacun, que la douleur la ronge?

77 216 566 48 Qu'en pleurs elle ſe bagne, & n’oſe toutefois

77 259 535 43 Pour librement gemir deueloper ſa voix?

80 292 579 56 Que ſi ſa longue peine en peſanteur aſſomme

76 335 573 52 Son ame alangouree, inacceßible au ſomme,

79 374 609 52 Et que de ſes bras gours elle touche en dormant

77 416 607 54 Le corps de ſon eſpoux, ainçois de ſon tourment,

79 456 528 56 Elle treſſaille toute (ainſi qu’une bergere

80 493 560 56 Qui en ſon chemin trouue vne noire Vipere)

80 535 535 50 Que frayeur elle en ait, & retire ſoudain

77 571 576 59 Des membres odieux ſon imprudente main?

77 620 609 50 Que quand il la tiendra cherement embraſſee,

80 657 516 55 Elle ſe penſe alors d'vn ſerpent enlacee,

79 693 620 56 Tant elle aura d'horreur d'eſtre ſerue en ce point

80 733 691 56 D’vn importun mari, qu'elle n’aimera point? (nee.

80 775 690 47 " A. L'amour touſiours ſe trouue aux esbats d’Hyme¬

80 812 691 53 " R. L'on voit de maint Hymen la couche inſortunee.

81 857 554 50 Quelle future amour pourrez-uous eſperer

77 894 566 59 D’vn nopçage forcé? c'eſt bien s’auanturer,

77 934 601 53 C'eſt bien mettre au hazard une ieune pucelle,

77 980 607 50 C’eſt bien, helas! c’eſt bien ne faire conte d'elle.

77 1016 621 55 Ay. Scauroit-on la placer en vn plus digne lieu?

80 1051 629 63 R. Leon ne luy eſt propre ores qu'il fuſt vn Dieu.

76 1094 688 60 A. Et que luy faut-il donc? R. Vn mari qui luy plaiſe,

76 1134 488 57 Et auecque lequel elle viue à ſon aiſe.

74 1174 545 59 Ay. Elle eſt bien delicate en ſon affection.

77 1216 612 54 Re. En la voſtre on ne voit que de l’ambition.

73 1256 669 53 Ay. Que tu es reuerend. Re. I'ay plus de reuerence

74 1295 666 54 Et Bradamante außi, que vous de bienvueillance.

73 1333 688 59 A. Ie ſçai mieus que voꝰ deux quel eſpous il luy faut.

76 1375 649 60 Re. Voire pour l'eleuer, pour la mettre bien haut.

540 1414 96 80 B.iiij.
