935 1723
241 93 333 53 TRAGECOMEDIE.

728 91 36 58 17

67 140 628 50 Re. Mais cet accord eſt fait ſous voſtre volonté.

66 185 713 46 Ay. Il ne m’en chaut: & puis, traittes-tu d'alliance

66 222 623 57 Pour ma fille, ſans moy? As-tu ceſte puiſſance?

68 264 609 54 Re. Ie ſçauois qu'agreable elle auroit le parti.

64 305 677 49 Ay. Mais pourquoy n’en eſtoy-ie außi toſt aduerti?

64 346 687 54 Re. Il eſt encore temps. Ay. Ores que i’ay promeſſe

67 386 618 46 Auecques Conſtantin le Monarque de Grece.

67 422 579 54 Re. Vne telle promeſſe obliger ne vous peut,

66 468 626 53 Si ma ſœur Bradamante approuuer ne la veut.

68 506 624 53 " Ay. Vn enfant doit touſiours obeir à ſon pere.

68 547 714 47 " Re. S'il va de ſon dommage il ne la doit pas faire.

67 588 642 52 " Ay. Sur ſes enfans vn pere ha toute authorité.

67 626 707 56 " Re. Quand leur bien il procure & leur vtilité.

66 670 621 53 Ay. Eſt-il pere ſi dur qui leur perte pourchaſſe?

66 709 715 53 Re.  Ie croy qu’il n’en eſt point qui ſciemment le face.

67 745 707 60 A. Qu’eſt-ce dõc que tu dis? R. Que voꝰ deuez ſçauoir.

66 783 632 58 Le vouloir de ma ſœur deuant que la pourueoir.

66 824 584 56 Peut eſtre ſon deſir ne ſe conforme au voſtre:

67 867 596 59 Vous ſerez d’un aduis qu'elle ſera d’vn autre,

67 907 661 57 Que ſon cœur languira dans les yeux d’vn amant,

71 953 556 50 Qui en repouſſera tout autre penſement:

66 986 563 60 Si bien que ceſt amour occupant ſa poitrine,

70 1026 681 58 Il ne faut qu’un ſecond penſe y prendre racine.

64 1063 664 56 L’authorité d'vn pere, & d’un Prince & d’vn Roy

64 1109 552 56 Ne ſçauroit peruertir ceſte amoureuſe loy.

64 1148 622 59 Ne la forcez donc point, de peur qu’eſtant forcee

73 1187 571 57 Vn eſpoux ait le corps, vn ami la penſee:

67 1226 623 53 Ce qui produit touſiours vn enfer de malheurs,

70 1266 681 59 Plein d'angoiſſe & d’ennuy, de ſoupirs & de pleurs:

63 1306 614 63 Par qui voſtre vieil âge en ſa courſe derniere

64 1345 557 86 Ne verroit qu'à regret la celeſte lumiere,

550 1391 76 72 B.v.
