948 1723
238 117 323 43 TRAGECOMEDIE.

719 114 42 52 18

66 160 634 59 Quand Mambrin eſprouua ma force domtereſſe,

63 202 566 56 Que i’occis Clariel, dont les geſtes guerriers

63 241 576 57 Se faiſoyent renommer entre les Cheualiers:

63 279 579 56 Que le Geant Almont, de qui la teste groſſe

63 320 629 60 Et les membres maßifs reſſembloyent vn Coloſſe.

63 361 543 53 Abbatu de ma main à terre tomba mort,

63 400 577 60 Et ma gloire engraua deſſur l’Indique bord:

63 440 609 61 Vous n’eußiez entrepris ce que vous faites ores,

64 483 585 55 Combien que ie me ſens aſſez robuſte encores

61 521 690 57 Pour vous biẽ bourraſſer. R. Nous n'entreprẽdrõs riẽ,

60 565 672 53 Et me croyez, Monſieur, que vous ne vueillez bien.

61 603 625 58 Ay. Vous ferez ſagement: car ie perdray la vie

61 648 576 55 Pluſtoſt que malgré moy ma fille lon marie.

249 723 316 53 SCENE III.

199 801 418 54 Beatrix. Bradamante.

356 874 89 63 Beat.

68 923 77 102 Q

153 926 596 56 VE uous ſeriez heureuſe! oncques de noſtre, sãg

155 966 477 54 Fille n’auroit tenu ſi honorable rang.

63 1005 550 53 Allez où le Soleil au matin luit au monde,

63 1043 576 55 Allez où ſommeilleux il ſe cache dans l’onde,

63 1086 571 55 Allez aux champs roſtis d’eternelles ardeurs,

63 1122 560 61 Allez où les Riphez terniſſent de froideurs:

63 1165 602 59 Vous ne verrez grandeur pour eſtre comparee

61 1206 596 57 A l’heureuſe grandeur qui vous ſuit preparee.

60 1243 633 59 Eſtre femme d'Auguſte, & voir ſous voſtre main

66 1285 564 50 Mouuoir, obeiſſant, tout l’Empire Romain!

58 1325 594 54 Marcher grande Deeſſe entre les tourbes viles

66 1362 609 78 S’entreſtouffant de preſſe aux trionfes des villes

530 1409 93 72 B.vi.
