925 1717
279 148 276 43 AV ROY.

80 187 691 74 uiuront noſtre ſiecle, les admira¬

80 241 688 73 bles effets de vos heroiques ver¬

83 299 685 74 tus, blaſmeroit noſtre ingrate

80 359 690 65 mecognoiſſance, de n’auoir par

81 413 689 72 mos plumes teſtifié la grace que

80 469 691 68 Dieu nous fait de viure ſous la

80 519 688 70 douce ſubiection d’vn ſi grand

80 578 688 74 Monarque, que les nations qui

77 632 689 73 aboutẽt les frontieres de Scythie,

78 693 690 66 ont ambitieuſement recherché

84 751 684 66 pour maiſtre. Ie ne crains point

78 806 690 69 que ceux qui aurõt approché des

78 862 690 68 rayons de voſtre Maieſté, me iu¬

84 918 687 69 gent pour cela deborder en lou¬

77 974 693 61 anges immoderees: attendu les

77 1028 684 72 belles & recõmandables parties,

77 1083 693 65 dont noſtre Dieu vous a rendu

78 1138 692 76 d’eſprit & de corps ſi accompli.

83 1194 684 76 Vous face ſa bonté, SIRE, pro¬

73 1257 694 67 ſperer longuement, & vous don¬

75 1314 688 68 ne entre autres felicitez vne po¬

75 1365 692 87 ſterité telle que vous deſirez pour

521 1435 88 101 A.iij.
