1524 2716
475 237 265 77 DU MARIAGE.

1046 230 59 89 91

108 307 999 82 tronnee en ses Sizains des humeurs de la femme.

108 423 845 77 Par la maison elle est pire que la tempeste;

110 486 936 68 On peut bien dire alors, Cerbere est en sa teste,

115 552 899 54 L'ennemy la gouverne et partout la conduict :

110 599 888 70 Elle jure, elle crie, elle est pis que farrouche,

110 654 865 74 Elle jette brasiers et flammes par la bouche,

106 715 908 74 Et plus que les torrens d’Auvergne a de bruict.

110 817 875 70 Elle court, elle fait toute chose au contraire :

110 889 804 68 Pere, mere, mary, sœur, voisinage, frere,

108 946 815 70 La pensans rapaiser ne la font qu’animer,

113 1002 878 70 Pareille aux vents emeus et au plus fier orage

115 1054 820 66 Et au feu ébrandy par tout un maisonnage

113 1120 894 70 Et au courroux des flots dangereux de la mer.

110 1210 947 80 Comm' un chien enragé sa bouche elle s’embave,

115 1274 976 68 Comm' un hors de son sens l'honneur elle deprave

113 1328 838 77 Son courroux violent est du tout indompté,

113 1391 874 73 Elle rompt, elle brise, elle frappe et renverse,

110 1446 782 74 Elle met tout à bas et jette à la traverse,

110 1511 850 71 Comm' un fleuve courant d’un ravage irrité.

117 1618 992 77 Tout est en grand desordre et en pauvre mesnage

117 1679 942 68 Quand la ſemme est tombee en son ardente rage,

120 1735 724 62 Le lyon eschauſfé n’est pas si furieux.

120 1792 808 59 J'estime la terreur de l’esclair et tonnerre

117 1842 845 68 Plus douce que n’est pas la feminine guerre

122 1901 987 74 Et n’est point tant comm’elle en ses feux dangereux.

124 2014 926 70 Le courroux de la femme abbat tout et demarre,

124 2070 951 71 Et meine un si grand bruit et si grand tintamarre

129 2132 772 104 Que le plus asseure en est tout estonné :
