1548 2744
407 260 70 60 92

780 258 257 55 DU MARIAGE.

400 317 877 78 On ne sçait si ce vient de la troupe infermale

403 381 755 78 Qui face (desliés) leur terreur generale

409 439 754 70 Ou si c’est la furie, ou si Dieu a tonné.

453 553 959 64 Elles ont la caboche si despitement patronnée,

405 603 1007 73 que, si le mary l’entend jaune, elles le veulent verd;

403 665 1009 75 s’il le veut de droit fil, elles le prendront de biais ;

405 731 1014 73 lors que le mary le veut, elles ne le veulent pas ; et

400 793 1012 78 quand il ne le veut pas, elles le veulent ; ce qui a très¬

409 862 999 98 bien este remarqué par Terence en son Eunnuque :

611 971 501 64 Novi ingenium mulierum

492 1024 813 73 Nolunt ubi velis : ubi nolis, cupiunt ultro.

455 1134 967 73 Et pour ce un sage philosophe nous admonnestoit

405 1200 1014 69 qu’il ne falloit prescrire et ordonner de certaines

400 1264 1022 78 bornes et barrieres à la femme, laquelle n’a aucune

409 1339 1008 67 tenue, et est glissante plus qu’on ne sçauroit estimer.

412 1392 1005 76 Par ainsi, disoit-il, si tu la veux retenir, lasche la;

405 1454 1014 71 si tu la presses pour la mettre à l'estroit tu la perds

409 1520 1010 69 tout de mesmes qu’il advient d’une anguille. Dès

409 1580 1013 73 qu’elles ont pris le ply de faire les bestes, de con¬

409 1648 1013 62 trarier et de tenir bon contre leurs maris, c’est du

412 1712 1005 67 camelot, pour mourir elles ne se changeroient pas.

416 1783 1003 57 Quelques-uns ont voulu recercher la raison pour¬

412 1831 1010 73 quoy elle estoient ainsi acariastres et opiniastres au

412 1904 1012 60 mal, et qu’a tous bouts de champs, lors qu’il estoit

412 1971 1010 57 question du bien elles giroüettoient. Ceux qui ont

414 2030 1005 64 frappé le plus près au blanc ont dit que cela avenoit,

414 2087 1005 78 parce que de leur naturel elles estoient mauvaises,

412 2158 1005 92 ainsi que tantost j’ay rapporté d’Accurse. Les autres,
