1572 2716
516 237 249 61 DU MARIAGE.

1071 235 61 93 97

133 312 1004 84 O malheureux vieillard, qui, courbe et tout tremblant,

135 371 952 77 N'a pas qui te soustienne, et qui, te ressemblant,

135 434 870 70 T'ayme serve et honore et comme la cigogne

138 491 869 79 Te rende en ta vieillesse une pareille soigne,

133 547 807 75 Qui travaille pour toi et te nourrisse lors

133 604 927 81 Que les nerfs sont usez de ton impuissant corps.

131 663 1008 77 He! quel grief creve cœur, quand en l’ame volante

129 719 872 73 Le mourable vieillard pense et se represente

129 778 922 63 Que ceux qui, heritiers, doivent ses biens avoir

131 832 897 71 Voudroient ja prest à mort en la terre je voir?

129 889 983 68 Quel creve-cœur encor, quand le bonhomme pense

129 943 924 82 S’il ne se haste assez qu’on cerche qui l’avance,

129 1004 958 82 Mais les enfans bien nais, bien nourris, genereux

129 1061 851 79 De voir leurs geniteurs se reputent heureux

129 1115 885 100 Vesqussent-ils autant que de Lamech le pere.

172 1260 958 68 Si j’etoie grand thoologien je pourrois subtiliser

129 1317 1001 70 sur ce que le mariage a esté pratiqué entre Adam

129 1373 860 84 et Eve avant qu’il fut aucun bruit du peché.

174 1441 956 68 Vous en avez assez dit, sʳ Panthaleon, respondit

122 1505 1006 83 messer Alexandre, et plus que je ne pensoie; mais

122 1573 1006 63 j'ay de quoy vous responde : je ne suis de ceux

122 1634 1008 79 qui detestent le mariage, je recognois son institu¬

129 1702 994 61 tion saincte, louable et à priser, mais les inconve¬

124 1758 1004 79 niens et le coust m’en font perdre le goust; à la

126 1826 997 70 traduction du sʳ de S. Marthe j’opposeray ce qui a

126 1878 995 70 esté fait contre le mariage, à vostre belle solitude

117 1941 1004 84 de neiges l’autorité de Petrarque en ses Meditations

122 2009 994 75 et discours pour le solitaire. Quant aux enfans,

120 2068 1001 73 c'est une grande benediction de Dieu ; mais ils sont

122 2132 996 86 si difficiles à eslever, à nourrir, à instruire, à en¬

989 2193 43 99 9
