1536 2740
470 267 261 66 DU MARIAGE.

1021 258 83 70 101

105 333 1003 78 perdre la vie. Je ne vous mettray en butte que

100 397 1004 77 Jean Il, grand duc de Moschovie, lequel avoit les

102 456 1008 78 femmes en si grand horreur, qu'il s'esvanouissoit

102 536 1006 64 au seul regard des femmes, ainsi qu’escrit le baron

105 595 1005 69 d’Herbestein, parlant des Moschovites, qui ne voyent

98 657 1008 71 jamais (dit-il) leurs femmes que le jour des noces.

112 723 994 71 Il y en a eu d’autres qui, pour se passer des

105 783 1003 73 ſemmes, ce sont accointé des bestes brutes. Plu¬

105 858 1005 69 tarque nous donne tesmoignage d’une execrable

100 908 1013 76 hippomanie en ses Parallelles, où il parle de Fulvius

105 984 1008 64 Stettus, lequel, pour la hayne qu’il portoit aux

105 1036 1008 75 femmes, se mesla avec une jument, laquelle du

102 1102 1011 71 depuis lui produisit une fort belle fille, qui fut à

107 1166 1003 71 cette occasion nommee Epone ou Hippone. Encores

109 1228 999 80 s'il eut suivy la sage modestie de Simonides, il y

105 1301 1010 69 eut eu quelque apparence de je ne sçay quoi de

112 1374 1001 59 louable en ses discours. Ce poëte nous represente

109 1422 1004 78 diverses figures monstreuses des femmes : il veut

107 1488 1003 73 que les unes ayent esté basties d'une truye, les au¬

105 1552 1005 71 tres patronees au naturel d'un regnard, les autres à

112 1616 998 71 la façon d'un chien, les autres engendrees de la

112 1689 994 60 mer, les autres forgees ès cendres d’une anesse,

114 1746 994 66 les autres procrees par une belete, les autres par

114 1803 996 73 une jument, les autres par un singe. Sous le rideau

116 1874 997 66 de ces estranges et hideuses productions, il nous fait

112 1931 998 73 voir la malice et depravé naturel de la femme, mais

114 2004 994 64 sur la fin il fait prendre air à celle qui est esclose

112 2061 996 73 par l’abeille, laquelle il prise comme celle qui bien¬

114 2132 999 71 heure son mary, le resjouit et le console. A tout

114 2189 996 92 rompre, et quand c’eut esté à bander et à racler, il

923 2251 39 103 9.
