1572 2768
438 251 90 78 102

810 256 263 78 DU MARIAGE.

429 332 1011 69 falloit garder pour le moins ceste sobriété, sans don¬

438 401 1000 64 ner une si rude touche sur les imperfections femi¬

436 468 1011 67 nines. Voulez vous que je vous die ce que j’estime

440 530 1005 65 de vostre proposition, sʳ Panthaleon, c’est que vou¬

443 599 1004 60 driez volontiers pactiser avez ceux, lesquels (au

440 662 1005 69 rapport de Josephe) faisoient difſiculté de se marier,

436 728 1013 67 non point qu’ils eussent à mespris une si saincte et

438 793 1007 69 legitime accouple qu’est la maritale, mais l’intem¬

436 851 1013 78 perance des ſemmes les en desgoutoit, tellement

438 922 1009 67 que, parce qu’aucunes estoient peu seures à la des¬

438 984 1011 65 serre de la croupiere, ils se faisoient entendre qu’il

436 1049 1011 62 estoit impossible, ou bien cé seroit miracle, qu’au¬

436 1104 1013 70 cune d’elles gardast tellement la loyauté à leurs

440 1178 958 74 maris, juxta illud, extrait du romant de la Rose.

644 1243 565 76 Toutes estes, serez ou fustes

639 1314 561 65 De fait ou de volonté putes :

641 1363 582 74 Et qui bien vous recercheroit

646 1427 570 81 Toutes putes vous treuveroit.

491 1503 958 77 Mais qui tiendroit aujourd’huy tel langage, encores

443 1575 1008 67 que nous allions tousjours de mal en pis, si est ce

443 1635 1004 69 que j’ay grand’peur qu’il n’en eschapperoit pas à si

440 1676 912 102 bon marché que fit Jean Clopinel, dit de Meun.
