1524 2704
351 612 507 106 AUX LISEURS.

164 1079 938 67 Ne pensez, debonnaires liseurs, qu’à tort ce pro¬

119 1144 983 63 verbe roule parmy nous, que qui refuse après muse :

114 1203 990 67 Si vous en doutez, il ne vous faut venir que vers

117 1273 987 67 moy, je vous en estaleray une preuve plus claire que

114 1324 988 77 Ie jour. Experto (dit le bon homme) crede Roberto.

110 1394 996 66 J’ai passé par les piques, pour n’avoir bien branslé

112 1446 992 77 la pique lors qu’il falloit, et n’avoir battu (comme

108 1511 996 75 I’on dit) le fer lors qu'il estoit chaud ; je me suis

110 1575 996 74 trouvé de deux selles le cul à terre. Ma Muse avoit

112 1635 990 75 esclos le frere de ces Apres-disnees, son nom ne

108 1708 994 65 peut estre ramenteu, son perrain a esté si vilain que

114 1773 988 65 pour s’exempter de quelques honnestetez, il a desa¬

110 1827 992 68 voué son filleu, lequel de toutes parts j’estoie prié de

112 1899 990 61 loger, et bien mieux qu’il n’a rencontré. Plusieurs

105 1946 997 75 m’offroient leurs logis, mais je me faisoie accroire

110 2023 992 61 que leur train ne pourroit compatir avec la naturelle

112 2086 988 63 habitude de mes gayes philosophies, ou que quelques

108 2138 989 95 uns n’ayant les yeux bien dessillez de grand matin,
