1524 2708
417 261 45 70 18

404 340 1002 66 valoir, monstrer à la postérité, qu’ils n’ont esté en

401 392 1005 79 ce monde creatures inutiles De toutes les façons

401 455 1005 86 qu’on voudra le prendre, je demeureray tousjours

399 523 1005 77 droit sur mes deux pieds, puis que j’ay tesmoignage

401 604 1007 68 en moy mesmes, que la semonce, que je fais, part

397 649 1009 75 d'une syncerité, pureté et cordiale integrité. En un

399 726 1003 63 mot, l’amour et affection que je porte à mon pays

395 783 1009 74 me garantira de tout le reproche qu'on me pourroit

395 857 1009 65 donner, pour une si hardie entreprise qu’est celle à

395 911 1009 70 laquelle me lient mes Apres-disnees. L’intention est

397 979 1005 70 bonne, l’ouvrier ne vise qu’à bien, les moyens ne

399 1049 1000 68 sont que bons : il n’est pas à croire que les effets ne

386 1096 1016 88 participent à la bonté. Goustez à mesmes si nos

399 1162 467 79 fruits ne sont pas bons.

636 1286 517 72 AUDENTES FORTUNE JUVAT.

776 270 264 54 AUX LISEURS.
