1488 2704
139 534 889 126 LES APRES DISNEES

561 694 61 72 DU

257 790 667 102 SEIGNEUR DE CHOLIERES.

257 1038 667 104 DU VEILLER ET DU DORMIR.

171 1131 832 85 S’il faut dormir l'apres disnee?

421 1329 329 97 APRES DISNEE I.

137 1457 949 68 Les nappes levees le sʳ l’Eveillé, pour faire l’hon¬

94 1518 992 70 neste et monstrer qu’il avoit l’esprit gaillard et l’œil

96 1581 988 70 tendu au bois, s’adressant à la compagnie, va dire :

96 1638 990 79 Quoy que je n’aye pas mené grande pousiere du¬

96 1701 995 67 rant ja disner, messieurs, peut estre ne treuverez

99 1771 987 60 vous mauvais que ceste apres-disnee se passe à vous

96 1831 990 68 resveiller par un discours commun du veiller et du

94 1892 994 63 dormir. Je suis bien trompé si ce n’est toucher droit

96 1955 986 66 au poinct, et entamer l’affaire par le costé qu’il faut.

99 2007 989 77 Vous sçavez que nostre déliberation commune est

99 2077 987 70 desrober tous les plaisirs que nous pourrons, et

94 2136 992 101 dresser une escole de philosophie. On a accoustumé
