1512 2704
457 223 302 74 ET DU DORMIR.

1052 225 58 70 25

112 308 1003 68 nicieux ce qui de soy est proffitable aux autres. De

110 362 1000 75 mesmes que vous en voyez aucuns qui, quoy qu'ils

112 428 1001 76 ne soient des canes, boi-l’eau et abstemy, dès qu’ils

105 491 1008 72 se trouvent abattus n’oseroient taster d’une goutte

108 552 1002 87 de vin. D'autres qui, au fort d’une fievre ardente, se

114 630 999 68 sont mis à humer du piot, encores qu’auparavant ils

110 689 1003 68 en eussent une fort estroite et scrupuleuse absti¬

110 750 998 67 nence. Je m’en rapporte au voisin de la Madelaine.

112 808 1001 84 Si ainsi est que le vin proffite aux uns et nuise aux

112 883 1001 70 autres, il se pourra bien faire que le dormir vous

110 930 998 84 aura esté contraire, encores qu'il soit sain et neces¬

112 1000 998 77 saire à plusieurs. Si vous me vouliez croire, je vous

110 1063 1003 68 conselleroye de vous servir des moyens qui furent

112 1124 1001 81 gardez à la guerison pantagrueique. Par advenure

114 1185 996 81 pourroit y avoir dans vostre corps quelque humeur

110 1243 953 84 qui vous causeroit cette sangreneuse indigestion.

155 1318 958 65 Ce qui me fait tenir ce langage est, que je trouve

110 1374 1000 72 que les medecins tiennent que le dormir sert gran¬

112 1437 998 84 dement à la concoction des viandes, et se fondent sur

114 1516 996 56 deux pincipales raisons : la première est, que la

114 1566 1010 81 composition de l’homme durant qu’il dort est toute

112 1635 1001 73 telle qu’en hyver. On sait qu’en hyver toutes nos par¬

117 1703 993 59 ties interieures et du milieu sont plus chaudes qu’en

108 1750 996 86 esté, ad centrum calor frigore ambiente prostigatur.

112 1813 998 75 De mesmes, lorsque nous sommeillons, le sang se rertire

110 1879 1000 76 en dedans, et par consequent la chaleur naturelle, si

112 1944 998 74 bien, qu’alors la cuisson et digestion se fait mieux en

112 2009 998 68 nostre cuisine stomachale. La seconde est dependante

105 2068 1003 77 de la premiere, prise par les effets et événemens,

114 2129 996 104 attendu que nous voyons, sentons et appercevons que

926 2194 38 104 3
