1476 2728
436 252 305 68 ET DU DORMIR.

1027 240 60 73 29

141 320 950 82 Non, non (adjoute le sʳ l'Esveillé), je me paye

95 379 994 77 de ces raisons, puis que le voy que sur l'apres-dis¬

95 441 996 77 nee et la plus grande chaleur du jour. Si bien que

95 502 994 77 nostre chaleur naturelle n'auroit que faire de ses res¬

95 575 998 81 serrer si fort que vous criez. Il y a la chaleur de

90 638 1001 91 l'air qui entoure et elle qui enfermeroit le froid qui

95 704 992 87 y auroit esté attiré par les exhalaisons dormitoires.

93 770 1000 82 Je pourroie enfoncer davantage ce disours, si je ne

95 838 996 69 craingnoie d’ennuyer la compagnie par ma prolixité,

95 884 998 84 je veux un peu aller veoir vos gras dormeurs, les¬

90 945 1010 84 quels vous prisez pour la graisse qu'ils s'acceullent

93 1009 1005 79 en domant. Si le prenez là je le quitte, et vous lair¬

97 1079 996 75 ray abonder ès conceptions de vostre porchesque

95 1141 996 79 sensualité. Tant que vous épicuriez et teniez que

93 1207 998 81 l'homme ne vit sinon pour estre gras, cela est user

95 1270 992 75 des transformations de Circé, sans estre charmeur.

93 1334 998 75 Nous ne sommes pas voüez à larder, ainsi que les

95 1407 998 79 pourecaux Telle leçon doit estre preschee aux an¬

90 1470 1001 69 thropophages. Vous cognoissez un principal voisin

90 1534 1001 68 de Marmoustier, le prisez vous davantage pour sa

93 1598 998 72 graisse que nostre doré Pindare François, duquel à

90 1652 1003 78 se propos je me souviens que le seigneur Pasquier

88 1702 655 103 chante ces vers hendecasyllabes :

213 1832 623 68 Auratus meus ille quem videtis,

206 1875 655 84 Macro corpore, languido, pusillo,

206 1941 549 73 Jejuna macie et cadaverosa,

206 2000 719 71 Sed cœlesti animo integraque mente,

209 2048 637 77 Tantò præ reliquis Poetis major,

211 2111 673 78 Quantò corpore nactus est minori :

216 2168 764 105 Tam et scribere græce ut ipsæ Athenæ

964 2232 38 73 3
