1512 2768
373 249 72 103 30

761 242 245 71 DU VEILLER

489 327 695 62 Non possint magis Atticam referre.

491 375 633 84 Tam mirus artifex Latii leporis,

489 440 614 83 Ut ipsum sibi vindicent Latini.

489 505 572 69 Quin et protulit ejus officina.

489 560 856 67 Bonsardum que gravem, Beluneque mollem

487 608 616 72 Quales Gallia vidit ante nullos.

487 662 678 76 Quantus ergo sit, hinc licet videre

491 721 628 79 Scribant carmina cæteri Poetæ,

489 781 660 84 Summos at facit hic unus Poetas.

417 890 979 85 Je vous veux battre d’autres raisons ; l’experience

376 954 1022 81 nous apprend qu’une personne grasse n’est point

373 1012 1025 76 si plaisante, gaillarde et à gré qu’une autre qui est

371 1079 1025 81 maigre. C’est la chanson que disoit en table la mais¬

371 1137 1025 83 tresse de L'OEIL D'AVIS, prise, comme j’estime, du

373 1211 1025 83 Iivre intitulé les Controverses des sexes masculin et

369 1273 1027 92 féminin. Là, l’auteur deconselle ainsi de prendre

376 1324 561 103 femme grasse en son patois.

459 1437 748 69 Pareillement ne prenez femme grasse

457 1490 868 76 Quelque maintien quelle ait et bonne grace,

457 1550 752 76 Grand puanteur au lict vous donnera,

454 1621 677 65 Car à l’espaule de mouton sentira

452 1674 695 81 Au faguenas et puanteurs susdites,

457 1741 801 72 Donc ne prenez telles femmes maudiles.

424 1831 972 85 Vous estes un fin homme, par ma conscience (res¬

376 1898 1018 74 pond l’Esveillé) de me penser faire peur par ces vers

376 1962 1020 72 de l’ennemy des ſemmes ; a-il traité plus doucement

380 2016 758 80 vos maigres? Escoutez ce qu’il en dit :

420 2133 909 81 Touchant des maigres n’en prenez aussi point

417 2186 730 129 Car il est dit, et notez bien ce poinct,
