1488 2728
468 256 298 80 ET DU DORMIR.

1053 250 61 70 31

154 329 963 71 Que sont trois choses maigres tres-que mauvaises,

159 397 764 59 Fastigieuses, toutes plus qne punaises :

154 438 801 84 C'est à scavoir la femme, cheure et l’oye.

154 495 849 86 Et qu’est bien pis, je veux que chacun l’oye,

152 559 799 84 Disant que c’est morceau si mal duisable

152 620 874 96 Quil ne conient à manger qu’au seul diable.

156 702 958 82 Ne vous arrestez point, Messieurs, sur cest article,

118 759 994 91 vay-je dire, vous n'y ferez que le sang tout clair,

113 829 1006 82 attendu que ce maistre blasonneur a donné attache

113 895 1004 80 tant aux grasses qu’aux maigres : et aussi qu'en

113 959 1001 77 mes partis amoureux je me suis esbattu à débattre

111 1016 1008 86 cette magnifique question : Si le party d’une grasse

109 1079 917 82 est plustost à prendre que celuy d'une maigre.

161 1154 956 78 Soit, respondit le sʳ Patelin, je suis content de

111 1218 1008 61 remettre à une autre fois la dispute touchant la

113 1279 1004 75 processence des grases et des maigres, mais je

111 1336 999 84 voudroie sçavoir à quoy et comment vons concluez.

116 1404 994 73 Vous pensez enerver mon argument des gras dor¬

111 1475 1003 64 meurs, parce que nous ne sommes pourceaux, je ne

111 1529 999 73 suis point rotisseur ny marchand de lard, pour

111 1593 999 75 graisser la porcherie de la façon que vous criez :

113 1666 1001 68 Mais vous changez b mol en b carre et ne prenez

109 1732 1005 68 pas advis que je puis vous battre par vostre propre

106 1780 1008 84 argument. De fait, qu’on l'examine, on trouvera qu’il

111 1852 1008 73 fait pour moy, en ce que maintenant il n’est question

111 1914 999 75 de la prerogative qui est escheüe aux hommes pour

109 1970 1003 82 l'ame raisonnable dont ls sont doüëz. Les facultez

106 2043 1004 73 animales et naturelles du pourceau ne sont point

109 2096 1001 77 autres (hors l'individu) que sont celles d’un chacun

104 2164 1004 113 de nous. Que ainsi soit vous voyez que l'on est re¬
