1488 2728
441 263 307 71 ET DU DORMIR.

1030 254 68 66 39

218 320 639 86 Volvendisque libris domi vacare,

213 391 685 72 Librorum helluo, Regius patronus,

213 450 649 79 Regno et munere nobilis forensi,

213 504 647 77 Stertebat media patrune corona,

213 559 765 77 Stertebatque domi, palamque clamque,

220 625 710 68 Nec tempus vacuum, locus vel ullus,

218 677 760 77 Quo non steriteret ille, tamque dormiit,

218 734 685 73 Ut mors hunc inopina dormientem

218 793 607 77 Interceperit omnium honorum

211 847 696 80 Magno cum gemitu, altiore damno.

218 911 632 75 Mortuum tamen, ô viator, illum

211 970 680 75 Tu ne credideris : quid ergo? verè

222 1027 592 89 Sommo perpetuo quiescet ille.

95 1102 1008 68 Ce ne sont point contes, Messieurs, vay-je dire, j’ay

100 1159 1010 73 familiarité avec un personnage, lequel a demeuré

95 1227 1010 68 fort longtems avee ce M. Bourdin, il m’en a asseuré

104 1293 1004 73 de choses plus estranges : mesmes que lors qu’il

100 1343 1008 84 vouloit chevir à poinct d'une bonne affaire falloit qu'il

95 1414 1010 88 prist tout bellement son repos. Vous sçavez que je

100 1482 1008 88 suis grand rechercheur et qu’il n’est pas aisé de

97 1545 1013 87 m'en prester une, que je veux estre payé surtout de

102 1611 1006 80 raison, pource j’ay pris plaisir à sonder l’occasion

100 1673 1005 79 pourquoy lors que ces Messieurs dormoient, neant¬

102 1734 1003 80 moins leur esprit ne laissoit d’estre en action perpe¬

97 1786 1011 87 tuelle. En fin j'ay trouvé que c'estoit pour autant

106 1855 999 77 que leur esprit ne se lassoit au gré, branle, et à la

102 1914 1006 81 cadence du corps. De fait c'est une folie de croire que

95 1984 1013 73 le cerveau soit sensible. C'est une negative tenue

100 2043 1010 80 par tous les philosophes, lesquels sont les mieux

106 2107 1002 79 habillez d’entendement. Ce n’est pas que je veuille

106 2168 1002 114 tenir le cerveau tousjours blandé, je sçay qu’il y a du
