1572 2756
397 268 64 74 40

776 268 249 71 DU VEILLER

393 333 1015 78 relais, duquel le seigneur Bretonnayau en son

399 390 1009 87 Temple de l'Ame a tres bien poëtisé parlant de la

402 457 1004 85 fantaisie: Pource je vous donneray, s’il vous plaist,

399 528 1007 89 le plaisir de quelques vers qu’il a à ce propos com¬

395 587 154 85 posés :

399 700 907 78 Quand le commun repose, et l'objet empesché

397 762 896 69 N'entre plus par le sens de la vapeur bousché

399 819 871 76 Il ressemble un enfant : Ell' a une nourisse,

395 879 1020 87 Qui chantant son do-do, l’endort, afin qu'Ell' puisse

399 934 812 74 S'aller esbattre seule : ainsi ceste cy sort

404 999 807 73 Du corps emmailloté du frere de la mort.

404 1063 800 64 Dont s’escartant de luy solitaire repense

409 1127 868 64 En ce qui s’est passé depuis sa cognoissance,

406 1171 830 76 En ce quelle a ouy, de ce qui luy souvient

404 1228 811 87 Et dedans le miroir que devant elle tient

404 1295 807 80 Ou de jour et de nuict son image remire

409 1355 926 71 Des ombres quelle y voit les phantosmes retire,

409 1412 825 69 Qui si confusement s’offrent tous à la fois,

415 1469 849 74 Que ranger ne les peut, ny en faire le chois.

413 1534 1076 64 Et comme Ell' en commence quelqu’autre vient se mettre

413 1589 1000 64 Au devant, l’autre après sur le champ demande estre

413 1642 775 73 Premier expedié, le voulant despecher,

418 1692 850 71 Une foule en voicy, qui la vient empescher.

418 1763 1011 67 Pour ce imparfaits sont tous, l’un n’aura que la teste

418 1814 986 80 Et cest autre les pieds, luy manquant tout le reste,

420 1883 883 69 L’un du corps la moitié, aura tout seulement

420 1936 935 80 Qui point n’aura de bout ny de commencement.

418 2050 1016 83 Ainsi vous voyez que l’assoupissement du corps

427 2124 1011 73 n’engourdit pas le cerveau, qu’il est tousjours aux

427 2177 1007 112 champs, qu’il chasse, s'il ne prend à tous coups,
