1560 2740
461 251 311 66 ET DU DORMIR.

1057 251 55 82 49

105 310 1016 89 y deviez bien venir pour tordre le nés à l’intention

111 379 1008 79 d'un si sage escrivain : Vous voyez qu’il seraphise

109 442 1007 76 ceux qui ne s’assujetissent à vostre beau dormir : si

109 500 1007 89 ne faut-il pas que je vous laisse on si beau chemin,

100 563 1016 87 je veux vous donner carriere entiere, et vous mettre

107 627 1009 80 en butte le seigneur de l'Escale, dans les poësies

105 703 1009 77 duquel vous trouverez, quil a autrefois donné

107 762 1007 75 atteinte à vostre sommeil : de fait apres s’estre bersé

105 828 1009 69 pour s’y accaser enfin il a trouvé qu’il s'y gastoit les

107 892 1007 71 reins, et qu’il n’y avoit rien tel que d’avoir les yeux

105 961 1009 73 tendus, ouverts et esveillez. Pource voicy qu’il

105 1006 173 87 chante :

182 1137 779 77 Mutanda vox est somme carnifex rerum

185 1191 630 83 Rubigin sæ inertiæ peme putre,

185 1260 742 59 Prelos paterque erroris atque terroris

185 1317 705 62 Qui somniorum turbulenta dirorum

182 1367 763 73 Momenta das et antè monstra non visa

178 1429 648 68 Male procax everitor bonæ famæ

182 1475 660 75 Imago mortis, morte retrior dira.

182 1532 697 82 Namque illa sævis liberabit à curis,

185 1596 644 73 Tu post labores semimortuæ vita.

180 1659 708 71 Et harum acerba vena parricidarum

185 1717 751 75 Tibi quid imprecemur impotens lurco?

182 1781 747 61 Sentina stuprorum hospes ebriosorum

180 1831 646 75 Exul beati cursibus procul cœli?

182 1892 834 87 Nunquam ut quiescas lassus, et tui oblitus.

95 2002 1003 82 Cela est gratter votre sommeil de la façon qu’il faut,

100 2077 1000 83 et ne se chatouiller point pour se faire rire. Je passe

100 2139 1003 130 par dessus les pollutions nocturnes qui se font lors

906 2182 69 119 5
