1488 2740
466 262 302 69 ET DU DORMIR.

1056 255 66 69 59

123 337 1001 69 nius: l. 2, ſf. de annuis leg.: nous apprend que

121 399 1003 71 celuy qui estoit tenu et astraint à donner à un autre

123 461 1003 71 la corvee ou la besoigne que son esclave eust peu

123 522 1001 71 faire par un jour, s’il ne l’a envoyé à la tasche du

121 586 1003 69 grand matin, ains à la sixiesme heure du jour, qui

118 643 1008 73 est nostre midy : (juxta illud Euangelii nonne sunt

121 712 1003 73 duodecim horœ diei), pourtant il n’est acquitté et

123 776 1001 77 deschargé de son obligation : et pour ce, voicy le

125 842 995 69 departement du jour que fait Marcial au 8ᵉ epi¬

121 901 660 85 gramme de son quatriesme livre :

155 970 873 100 Prima salutantes auque altera continet hora :

244 1052 640 71 Exercet raucos tertia causidicos.

157 1105 780 75 In quinta varios exercet Roma labores :

242 1166 718 80 Sexta quies lassis, septima finis erit.

160 1271 966 78 Comme s'il nous eust voulu apprendre que les

128 1340 996 77 Romains employoient la matinee de ceste façon :

121 1401 1005 80 c'est que de sept jusqu'a neuf ils s'entresaluoient et

123 1472 1006 66 se donnoient (ce dit ly contes) le bondi signor ; de

125 1532 1001 68 neuf jusqu'a dix on plaidoit à l'audience ; de dix

125 1598 999 68 jusqu'à onze les uns prenoient la pourmenade, les

128 1662 996 71 autres achetoient de l’appetit au jeu, les autres

132 1728 994 64 s'exerçoient en autres façons : depuis onze heures

130 1781 1001 77 on se retiroit pour disner, après, on vous reposoit

130 1844 846 74 bravement son humanité. Et de hait garson.

178 1899 951 82 Et quoy, messieurs, vay je dire, ne sera ce jamais

132 1972 994 69 fait? je croy que, qui ne vous diray hola, ne vous

132 2041 994 64 deparoloriez de toute ceste relevee. Voulez vous

137 2102 989 71 que je vous accorde? vous dites tous deux vray,

137 2153 989 91 mais c'est avec distinction. Il y a des naturels
