1488 2680
428 573 338 90 DU MARIAGE.

102 692 990 89 S'il vaut mieux n'estre marie que de

495 761 215 72 l’estre?

426 969 342 76 APRES DISNEE II.

149 1083 943 69 Au lieu que les champions de nostre premiere

105 1141 992 65 apres disnee disputoient des privileges, droits et

100 1197 992 76 prerogatives des venerables dormans, ceste seconde

100 1259 992 72 apres disnee resveilla toute nostre compaignie d'une

105 1324 987 71 bien autre façon : le sʳ Rodolphe commence à ouvrir

102 1391 992 74 Ie jeu, sans y penser : le bon homme y alloit mieux

105 1451 985 76 à la bonne foy qu’un coupeur de bourse. Il vous

102 1516 988 62 accoste le sʳ Panthaleon, qui estoit l’un des fins

100 1581 988 71 marchans de la bande, et qui, avant que quitter

100 1630 985 74 la partie, nous en donna de bien vertes. Dès qu’ils

105 1704 985 62 ont esventé que le pauvre sʳ Rodolphe parloit de

102 1762 983 76 prendre party avec une fille : Messieurs, dit il,

100 1822 988 76 gaigne sa vie qui pourra, voicy ce bon seigneur qui

107 1889 983 65 se va au premier jour passer maistre potier ; il va

105 1956 983 60 faire emploite d’une bonne bague qui luy donnera

102 2012 986 65 bientost langue et credit en Cornoüailles. Et afin

102 2072 988 69 que vous cognoissiez que je ne vous chante que la

105 2139 980 92 verité, je vous prie, que luy mesmes face le discours

891 2190 83 92 6
