1608 2780
454 271 69 76 76

824 264 260 74 DU MARIAGE.

451 347 1008 76 ſoüet; auth. hodie : sous le mesme titre des Adul¬

454 407 1005 74 tères? N'est-ce pas à cause de leur fragilité et natu¬

456 467 1008 75 relle inclination? L a propre passion de la femme c’est

456 532 1008 74 la convoitise. Ce sont brides à veaux que ce que

456 604 1008 67 vous contez, seigneur Panthaleon, repliqua messer

451 664 1013 72 Alexandre, je vous renvoie à la pratique ; mais

456 732 1010 69 voyons que vous estes un subtil ergoteur, vous voulez

456 796 1010 68 faire accroire que les femmes prennent plaisir qu’on

456 850 1010 74 bande les estœufs dans leur trou, parce que les loix

456 924 1010 69 ne sont point si rigoureuses contre elles lors qu’elles

456 989 1012 65 le permettent que contre les maris. Mais je vous

456 1044 1010 74 respons, que tant nos jurisconsultes anciens que les

456 1109 1010 74 empereurs se sont fort rudement ruez sur ces pau¬

458 1176 1008 70 vres femmes Que je die vray, il n’estoit pas permis

458 1244 1010 64 à la femme, encores qu’elle eut surpris son mary en

461 1306 1007 67 adultere, de l’accuser ou de le tuer, voire de le tou¬

463 1371 1005 67 cher du fin bout du doigt, ainsi que Caton a remar¬

463 1438 1003 67 qué en son harangue du douaire dans Aulu-Gelle,

470 1498 1005 68 livre 10, chap. 23, dont le comique Plaute fait

468 1561 771 72 plaindre la pauvre Syra en ceste façon :

465 1670 990 81 Les femmes pour le vray sont bien plus miserables

465 1723 918 90 Que ne sont les maris, lesquels peuvent mener

468 1788 838 69 Leurs garses au logis, sans en estre punis :

468 1846 848 65 Les femmes n’oseroient aller se pourmener;

470 1897 811 74 D’avec elles soudain ils seroient desunis;

472 1952 1006 70 He Dieux! que ne sont-ils reiglez par loix semblables?

516 2064 966 74 Pourquoy est-ce que la Dame, qui se sera laissé

472 2124 1010 76 sursaillir à son ecclave, sera grievement punie, et le

474 2200 1008 88 seigneur, qui s’accouple à celle qui lui est esclave
