1186 2149
75 196 844 97 durant la meſlée, & l’on remarqua

71 265 846 96 qu’il auoit le viſage auſſi beau que

75 334 844 88 la taille riche. Les muzeaux ſan¬

77 397 842 95 glants furent lauez d’eau fraiſche,

73 467 840 82 les collets dechirez furent changés,

78 539 848 93 on appliqua quelques cataplaſmes,

75 603 842 84 & meſine l’on fit quelques points

75 673 844 95 d’aiguille, les meubles furent auſſi

73 741 847 86 remis en leur place, non pas du tout

77 805 838 95 ſi entiers qu’alors qu’on les deſa¬

77 877 840 86 rengea. Enfin vn moment apres

73 943 844 93 il ne reſta plus rien du combat que

78 1010 842 89 beaucoup d’animoſité qui paroiſ¬

75 1076 844 93 ſoit ſur le viſage des vns & des au¬

82 1144 837 91 tres. Les pauures Comediens ſor¬

82 1215 838 92 tirent long-temps apres auec la

75 1278 844 99 Rappiniere, qui verbaliſa le der¬

80 1346 835 95 nier: Comme ils paſſoient du Tri¬

85 1414 834 90 pot ſous les Halles, ils furent inue¬

78 1481 842 93 ſtis par ſept ou huict braues, l’eſpée

84 1545 840 95 à la main; La Rapiniere ſelon ſa

78 1618 841 88 couſtume eut grande peur, & pen¬

80 1685 839 86 ſa bien auoir quelque choſe de pis,

84 1747 840 113 ſi Deſtin ne ſe fuſt genereuſement

795 1815 127 90 jetté

292 136 412 71 COMIQVE.

834 130 70 86 17
