1215 2167
287 209 843 90 jetté au deuant d’un coup d’eſpée¬

285 272 846 96 qui luy alloit paſſer au trauers du

280 348 850 87 corps, il ne peut pourtant ſi bien le

278 415 848 88 parer, qu’il ne receuſt vne legere

276 474 848 91 bleſſeure dans le bras: Il mit l’eſpée

276 548 852 87 à la main en meſme temps, & en

274 615 852 87 moins de rien fit voller à terre deux

274 682 850 89 eſpées, ouurit deux ou trois teſtes,

271 749 849 88 donna force coups ſur les aureilles;

267 818 855 88 & deconfit ſi bien Meſſieurs de

265 886 854 85 I’embuſcade, que tous les affiſtans

271 955 848 88 aduoüerent qu’ils n’auoient iamais

271 1022 846 83 veu vn ſi vaillant homme. Cette

271 1090 840 89 partie ainſi auortée, auoit eſté dreſ¬

263 1157 854 96 ſée à la Rappiniere par deux petits

263 1224 852 90 Nobles, dont l’vn auoit eſpouſé la

260 1294 850 91 ſœur de celuy qui commenca le

262 1365 848 88 combat par vn grand coup de ra¬

258 1433 848 78 quette: & vravſemblablement la

256 1498 854 89 Rappiniere eſtoit gaſté ſans le vail¬

254 1558 859 101 Iant deffenſeur que Dieu luy ſuſcita

256 1634 848 81 en noſtre vaillant Comedien. Le

256 1701 848 90 bienfait trouua place en ſon cœur

256 1773 848 92 de roche, & ſans vouloir permettre

996 1860 106 93 que

459 158 506 69 LE ROMANT

292 139 84 72 18
