1195 2143
300 144 437 68 COMIQVE.

832 148 75 64 19

85 207 836 78 que ces pauures reſtes d’vne troupe

78 269 840 88 deſlabrée allaſſent loger en vne ho¬

78 341 849 82 ſtellerie, il les emmena chez luy,

85 410 847 90 où le chartier deſchargea le bagage

82 480 846 87 comique, & s’en retourna en ſon

91 542 193 104 viſlage.

246 732 522 91 CHAPITRE IV.

91 814 834 87 Dans lequel on continuë à parler du ſieur

137 875 784 85 de la Rappiniere, & de ce qui arriua la

139 935 382 95 nuict en ſa maiſon¬

91 1026 148 145 M

248 1014 673 98 Adamoiſelle de la Rappinie¬

248 1103 673 70 re receut la compagnie auec¬

89 1155 836 89 que grande ciuilité, comme elle

89 1221 834 89 eſtoit la femme du monde qui ſe

89 1289 838 89 ſoubmettoit le plus facilement,elle

89 1360 841 88 n’eſtoit pas laide, quoy que ſi mai¬

91 1428 834 86 gre & ſi ſeiche, qu’elle n’auoit ia¬

92 1491 833 85 mais mouché de chandelle auec les

89 1557 836 94 doigts, que le feu ny priſt; l’en

98 1632 829 87 pourrois dire cent choſes rares que

89 1691 832 94 ie laiſſe de peur d’eſtre trop long.

98 1764 827 91 En moins de rien les deux dames

760 1830 165 93 ſurent
