1233 2173
257 193 82 18 12

424 159 502 63 LE ROMANT

262 204 844 96 yable de coups de pieds, des iure¬

255 280 849 93 mens qui ne ſe peuuent compter, &

252 344 854 92 en ſuitte vne belle information,

252 409 848 98 que fit faire le ſieur de la Rappinie¬

248 479 849 96 re, le plus expert de tous les hom¬

248 554 586 83 mes en pareille matiere.

407 744 539 81 CHAPITRE III.

377 820 603 87 Le deplorable ſuccez qu’eut la

572 890 207 67 Comedie.

371 957 724 87 Ans toutes les villes ſubalter¬

242 959 120 134 D

369 1030 724 87 nes du Royaume, il y a d’or¬

237 1091 860 86 dinaire vn Tripot, où s’aſſemblent

237 1158 854 82 tous les iours les faineans de la vil¬

239 1231 852 87 le; les vns pour ioüer, les autres

241 1307 848 80 pour regarder ceux qui ioüent.

237 1365 852 81 C’eſt l’à que l’on rime richement

233 1432 856 96 en Dieu, que l’on eſpargne fort peu

232 1497 854 96 le prochain, & que les abſens ſont

232 1568 848 92 aaſſaſſinez à coups de langue; on n’y

228 1633 854 96 fait quartier à perſonne, tout le

230 1703 854 91 monde y vit de Turc à Maure, &

230 1772 848 98 chacun y eſt receu pour railler, ſe¬

971 1857 102 80 lon
