1242 2182
287 221 847 88 que ce n’eſtoit pas luy; Et qui donc?

289 294 849 75 barbe de cocu; adiouſta-t’il. Le pau¬

290 361 841 79 ure valet n’oſoit en accuſer la Rap¬

290 434 846 78 piniere en ſa preſences: mais luy qui

289 498 843 78 eſtoit le plus inſolent de tous les

289 563 847 78 hommes, luy dit en ſe leuant deſa

285 634 846 80 chaize; C’eſt moy, qu’en voulez¬

285 700 846 83 vous dire? Que vous eſtes vn ſot,

281 769 850 81 repartit l’autre, en luy deſchargeant

281 836 848 78 vn demeſuré coup de ſa raquete ſur

278 901 853 84 les aureilles. La Rappiniere fut ſi

276 970 853 86 ſurpris d’eſtre preuenu d’vn coup,

274 1043 851 77 luy qui auoit accouſtumé d’en vſer

274 1109 849 76 ainſi, qu’il demeura comme immo¬

274 1178 851 76 bile, ou d’admiration, ou parce

270 1247 853 80 qu’il n’eſtoit pas encor aſſez en co¬

274 1312 847 80 lere, & qu’il luy en falloit beau¬

274 1383 849 80 coup pour ſe reſoudre à ſe battre,

269 1451 851 80 ne fut-ce qu’à coups de poing, &

274 1514 844 84 peut-eſtre que la choſe en fuſt de¬

267 1585 854 84 meurée là, ſiſon valet qui auoit plus

267 1651 849 83 de colere que luy, ne ſe fuſt ietté ſur

267 1721 844 80 l’aggreſſeur, en luy donnant vn coup

267 1792 847 93 de poing auec toutes ſes circonſtan¬

1005 1871 102 87 ces,

441 161 515 73 LE ROMANT

290 163 102 80 14
