1186 2155
95 197 841 90 & cependant que ſes beſtes man¬

100 269 830 90 gerent, l’Auteur ſe repoſa quelque

93 337 841 88 temps, & ſe mit à ſonger à ce qu’il

88 405 742 88 diroit dans le ſecond Chapitre.

255 594 497 77 CHAPITRE II.

185 673 659 79 Quel homme eſtoit le Sieur de la

384 732 246 72 Rappiniere.

185 809 747 78 E Sieur de la Rappiniere eſtoit

84 923 108 34 L

195 879 734 76 lors le Rieur de la ville du

86 942 843 92 Mans. Il n’y a point de petite ville

93 1014 837 86 qui n’ait ſon Rieur. La ville de Pa¬

91 1086 841 83 ris n’en n’a pas pour vn; elle en a

89 1151 840 77 dans chaque quartier, moy-meſme

91 1219 836 75 qui vous parle ie l’aurois eſté du

89 1287 843 81 mien ſi i’auois voulu; mais il y a

88 1355 839 81 long-temps, comme tout le monde

88 1425 837 81 ſçait, que i’ay renoncé à toutes

88 1494 839 68 les vanitez du monde. Pour reuenir

91 1556 836 80 au Sieur de la Rapiniere, il renoüa

86 1623 839 79 bien-toſt la conuerſation que les

89 1695 836 81 coups de poing auoient interrom¬

89 1763 834 104 puë, & demanda au ieune Come¬

803 1828 127 98 dien

305 138 419 75 COMIQVE.

887 132 29 87 7

499 1838 120 90 A 4
