1180 2158
79 228 838 88 ces, dans le beau milieu du viſage,

79 294 840 94 en ſuite vne grande quantité d’au¬

80 361 835 101 tres où ils peurent aller. La Rappi¬

75 435 845 93 niere le prit en queuë, & ſe mit à

80 501 835 92 trauailler ſur luy en coups de poings

80 566 840 90 comme vn homme qui a eſté oſ¬

82 633 842 95 fencé le premier; vn Parent de ſon

80 701 846 101 aduerſaire prit la Rappiniere de la

82 769 838 92 meſme façon, ce parent ſut inueſty

88 841 836 101 par vn Amy de la Rappiniere pour

86 906 843 99 faire diuerſion, cettuy-cy le fut

84 978 840 83 d'vn autre, & celuy-là d’vn autre;

88 1044 843 94 Enfin tout le monde prit party dans

89 1114 839 87 la chambre, l’vn juroit, l’autre in¬

91 1179 842 94 jurioit, tous s’entrebattoient; La

97 1244 836 99 Trippotiere qui voyoit rompre ſes

88 1312 852 96 meubles, empliſſoit l’air de cris

95 1381 842 99 pitoyables: vray ſemblablement

91 1454 844 85 ils deuoient tous perir par coups

97 1521 841 90 d’eſcabeaux, de pieds, & de poings

91 1587 846 94 ſi quelques-vns des Magiſtrats de

91 1650 847 92 la ville qui ſe promenoient ſous les

95 1715 840 92 Halles auec le Seneſchal du May¬

97 1782 845 104 ne, des Eſſars, ne fuſſent accourus à

881 1841 65 104 la

277 174 431 68 COMIQVE.

829 165 73 72 15
