1218 2179
263 156 42 76 6

252 207 842 94 me vne poulle au haut de leur baga¬

259 279 839 87 ge, la Cauerne. Ce nom bizarre fit

252 350 840 89 rire quelques-vns de la compagnie;

254 414 842 92 ſur quoy le ieune Comedien adiou¬

258 481 838 85 ſta, que le nom de Cauerne ne de¬

254 548 844 96 uoit pas ſembler plus eſtrange à des

256 619 845 92 hommes d’eſprit que ceux de la

250 690 851 79 Montagne, la Vallée, la Roze, ou

256 755 832 83 l'Eſpine. La conuerſation finit par

256 826 829 96 quelques coups de poing & iure-

258 891 832 89 mens de Dieu, que l'on entendit

252 958 842 93 audeuant de la charette: c'eſtoit le

258 1027 836 98 valet du Tripot, qui auoit battu le

259 1102 831 87 Charretier ſans dire garre; parce

265 1169 831 96 que ſes bœufs & ſa jument vſoient

243 1232 853 102 trop librement d'vn amas de foin

256 1303 832 91 qui eſtoit deuant la porte. On ap¬

261 1367 837 98 paiſa la noiſe, & la Maiſtreſſe du

267 1438 831 100 Tripot qui aimoit la Comedie plus

259 1516 842 91 que Sermon ny Veſpres, par vne

261 1574 837 94 generoſité inoüie en vne Maiſtreſſe

254 1643 845 96 de Tripot, dit au Charretier qu’il

252 1710 851 100 fiſt manger ſes beſtes tout leur ſa¬

256 1777 840 111 oul. Il accepta l'offre qu'elle luy fit;

1034 1852 67 80 &

432 145 486 74 LE ROMANT
