1215 2173
257 135 47 78 8

252 204 843 85 dien ſi leur troupe n’eſtoit compo¬

248 273 852 80 ſée que de Mademoiſelle de la

250 338 847 74 Cauerne, de Monſieur de la Ran¬

252 409 846 81 cune, & de luy. Noſtre troupe eſt

250 476 847 78 auſſi complette quecelle du Prince

248 541 847 80 d’Orange, ou de ſon Alteſſe d’E¬

244 613 853 82 ſpernon: Mais par vne diſgrace qui

248 684 847 67 nous eſt arriuée à Tours, où no¬

246 747 849 80 ſtre eſtourdy de Portier a tué vn

248 814 849 80 des Fuzeliers de l’Intendant de la

248 887 843 74 Prouince, nous auons eſté contra¬

244 952 847 78 ints de nous ſauuer vn pied chauſſé

246 1023 847 79 & l’autre nud, en l’eſquipage que

248 1097 845 70 vous nous voyez. Ces Fuzeliers

243 1157 855 76 de Monſieur l’Intendant en ont

243 1224 845 79 fait autant à la Fleſche, dit la Rap¬

250 1296 843 82 piniere. Que le feu ſainct Antoine

243 1365 855 81 les arde, dit la Tripotiere, ils ſont

244 1432 847 80 cauſe que nous n’aurons pas la Co¬

243 1499 848 72 medie. Il ne tiendroit pas à nous,

239 1562 854 85 répondit le vieil Comedien, ſi nous

241 1636 850 78 auions les clefs de nos coffres pour

241 1702 852 78 auoir nos habits, & nous diuerti¬

228 1778 861 79 rions quatre ou cinq iours Meſieurs

1017 1841 76 100 de

411 141 501 74 LE ROMANT
