1186 2155
107 199 847 84 couché ſur vn matelas, vn cor¬

107 263 843 87 billon dans la teſte qui luy ſeruoit

104 334 850 88 de couronne, ſe frottant vn peu les

109 407 838 83 yeux, comme vn homme qui s’e¬

106 472 844 82 ſueille, & recitant du ton de Mon¬

104 540 846 86 dory le roolle d’Herode, qui com¬

109 628 271 65 mence par,

195 677 766 79 Fantoſme iniurieux qui troubles

242 756 244 68 mon repos.

109 809 861 87 L’emplaſtre qui luy couuroit la

109 879 855 83 moitié du viſage, ne l’empeſcha

115 944 837 86 point de faire voir qu’il eſtoit excel¬

104 1016 851 75 lent Comedien; Mademoiſelle de

109 1082 848 74 la Cauerne fit des merueilles dans

109 1149 845 81 les roolles de Mariane & de Salo¬

111 1221 843 80 me; la Rancune ſatis-fit tout le¬

107 1287 848 81 monde dans les autres, & la piece

104 1354 857 82 s’en alloit eſtre conduite à bonne

104 1422 851 82 fin, quand le Diable qui ne dort ia¬

106 1488 851 74 mais, s’en méla, & fit fnir la Tra¬

115 1562 840 79 gedie, non pas par la mort de Ma¬

113 1628 850 79 riane & les deſeſpoirs d’Herode;

109 1693 845 86 mais par mille coups de poing au¬

109 1763 850 92 tant deſoufflers, vn nombre effro¬

801 1829 154 97 yable

341 132 392 78 COMIQVE.

882 150 73 63 11
