1227 2164
290 120 45 49 2

285 223 848 92 te leur force, ils ne s’amuſoient qu’à

285 293 846 78 faire des courbettes; reſpirant vn

285 358 846 80 air marin qui les faiſoit hannir, &

283 427 848 86 les aduertiſſoit que la mer eſtoit

283 497 846 83 Proche, où l’on dit que leur Maiſtre

279 564 852 90 ſe couche toutes les nuits. Pour par¬

283 632 846 85 ler plus humainement & plus intel¬

276 703 851 83 ligiblement, il eſtoit entre cinq &

277 770 852 75 ſix; quand vne charette entra dans

277 836 852 76 les Halles du Mans. Cette charette

279 905 852 90 eſtoit attellée de quatre bœufs fort

281 981 848 73 maigres, conduits par vne Iument

285 1044 842 84 Poulliniere, dont le poullain al¬

281 1112 844 76 loit & venoit à l’entour de la charet¬

283 1177 842 88 te, comme vn petit fou qu’il eſtoit.

285 1242 842 88 La charette eſtoit pleine de cof¬

285 1316 840 85 fres, de malles & de gros pa¬

279 1379 846 90 quets de toilles peintes, qui faiſo¬

277 1455 852 74 ient comme vne Pyramide, au haut

283 1516 841 90 de laquelle paroiſſoit vne Demoi¬

277 1583 847 85 ſelle, habillée moitié ville, moitié

276 1651 848 89 campagne. Vn ieune homme auſ¬

281 1722 846 102 ſi pauure d'habits que riche de mi¬

1032 1797 88 85 ne,

461 102 495 60 LE ROMANT

277 158 854 85 d’heure : Mais au lieu detirer de tou¬
