1215 2173
297 208 838 92 furent ſi

295 280 840 89 grandes camarades, qu’el¬

293 347 845 91 les s’entr’appellerent ma chere, &

290 416 841 89 ma fidelle. La Rappiniere qui auoit

290 479 845 89 de la mauuaiſe gloire autant que

284 545 847 99 barbier de la ville, diſt en entrant

286 615 845 87 qu’on allaſt à la cuiſine, & a l’office,

290 689 843 84 faire haſter le ſouper. C’eſtoit vne

284 753 843 83 pure rodomontade, outte ſon vieil

281 820 848 92 valet qui penſoit meſme ſes che¬

277 883 849 87 uaux, il n’y auoit dans le logis qu’vne

277 957 845 91 ieune ſeruante, & vne vieille boit¬

281 1021 837 94 teuſe qui auoit du mal comme vn

279 1095 836 92 chien. Sa vanité fut punie par vne

272 1166 846 85 grande confuſion qui luy arriua: Il

273 1227 844 96 mangeoit d’ordinaire au cabaret,

270 1296 843 96 aux deſpens des ſots, ſa femme &

270 1365 843 92 ſon train ſi reiglé, eſtoient reduits

268 1434 841 94 au potage aux choux ſelon la cou¬

266 1497 842 92 ſtume du païs; voulant paroiſtre

272 1564 834 101 deuant ſes hoſtes, & les regaller, il

262 1647 842 87 penſa couler par derriere ſon dos

261 1700 848 103 quelque monnoye à ſon valet pour

261 1769 847 105 aller querir dequoy ſouper: par la

977 1868 125 91 faute du valet, ou du maiſtre, l’ar¬

427 146 528 74 LE ROMANT

306 146 107 64 20
