1186 2155
86 215 837 90 Ion le talent qu’il en a eu du Seig¬

84 283 843 77 neur. C’eſt en vn de ſes Tripots là,

86 351 843 78 ſi ie m’en ſouuiens, que i’ay laiſſé

84 422 846 77 trois perſonnes comiques, recitant

80 490 850 70 la Mariane deuant vne honorable

82 556 848 81 compagnie, à laquelle preſidoit le

88 624 842 81 ſieur de la Rappiniere. Au meſ¬

84 693 852 81 me temps qu’Herode & Maria¬

84 757 846 85 ne s’entrediſoient leurs veritez, les

84 826 850 79 deux ieunes hommes, de qui l’on

88 894 837 84 auoit pris ſi librement les habits,

84 962 843 74 entrerent dans la chambre, en calle¬

89 1034 840 77 çons, & chacun ſa raquette à la

84 1099 843 80 main. Ils auoient negligé de ſe faire

82 1169 845 79 frotter pour venir entendre la Co¬

84 1233 843 79 medie: leurs habits que portoient

88 1301 833 76 Herode, & Pherore, leur frappe¬

84 1370 837 77 rent bien-toſt la veuë, le plus colere

80 1438 850 70 des deux, s’adreſſant au valet du¬

91 1501 832 81 Tripot: Fils de chienne, luy dit¬

77 1567 844 85 il, pourquoy as-tu donné mon ha¬

86 1637 835 83 bit à ce Baſtelleur; Le pauure vallet

79 1704 841 82 qui le connoiſſoit pour vn grand

82 1770 838 99 brutal, luy dit en toute humilité,

812 1856 104 79 que

309 145 406 83 COMIQVE.

855 150 70 88 13
