1227 2173
253 264 848 96 lerie, fourniſſez vos habits & nous

260 340 838 92 jouërons deuant que la nuit vien¬

257 409 844 88 ne; ou bien nous irons boire auec

257 476 841 87 voſtre permiſſion, ou nous repoſer,

255 543 845 88 car nous auons fait vne grande iour¬

250 610 851 92 née. Le party pleut à la compagnie,

259 682 842 85 & le Diable de la Rappiniere qui

259 751 842 85 s’auiſoit touſiours de quelque ma¬

250 813 850 90 Iice, dit qu’il ne falloit point d’au¬

259 881 841 93 tres habits que ceux de deux ieu¬

257 950 843 91 nes hommes de la ville, qui io¬

259 1017 839 85 üoient vne partie dans le Tripot,

253 1084 847 93 & que Mademoiſelle de la Cauer¬

253 1149 850 95 ne en ſon habit ordinaire, pourroit

260 1222 841 94 paſſer pour tout ce que l’on voud¬

251 1289 850 83 roit en vne Comedie. Auſſi-toſt

251 1356 850 87 dit, auſſi-toſt fait; en moins d’vn

255 1425 845 92 demy quart d’heure, les Come¬

255 1493 846 84 diens eurent beu chacun deux ou

257 1562 848 89 trois coups, furent traueſtis, & l’aſ¬

250 1629 851 94 ſemblée qui s’eſtoit groſſie ayant

255 1700 841 90 pris place en vne chambre haute;

248 1774 848 87 on vit derriere vn drap ſalle que

246 1836 845 85 l’on leua, le Comodien Deſtin,

898 1906 191 73 couché

268 217 63 74 10

433 213 496 67 LE ROMANT
