1189 2152
86 159 844 79 ne, marchoit à coſté de la charette;

87 225 849 87 il auoit vne grande emplaſtre ſur le

89 295 847 85 viſage qui luy couuroit vn œil & la

86 362 846 86 moitié de la ioüe, & portoit vn

95 425 837 93 grand fuzil ſur ſon eſpaule, dont il

86 494 841 90 auoit aſſaſſiné pluſieurs Pies, Geais

82 564 848 90 & Corneilles, qui luy faiſoient

84 634 841 81 comme vne bandoülliere, au bas de

80 701 843 91 laquelle pendoient par les pieds vne

86 772 839 87 poulle & vn oyzon, qui auoient

82 835 839 90 bien la mine d’auoir eſté pris à la

87 903 834 94 petite guerre. Au lieu de chappeau

73 975 841 84 Il n’auoit qu’vn bonnet de nuit, en¬

80 1040 832 89 tortillé de jarretieres de differentes

77 1106 835 86 couleurs; & cét habillement de

77 1172 835 83 teſte eſtoit ſans doute vn Turban

78 1242 834 90 qui n’eſtoit encore qu’esbauché, &

77 1312 835 92 auquel on n’auoit pas encore donné

77 1384 835 84 la derniere main. Son pourpoint

75 1450 834 85 eſtoit vne caſaque de griſette, cein¬

73 1515 830 86 te auec vne courroye, laquelle luy

69 1578 842 84 ſeruoit auſſi à ſouſtenir vne eſpée

68 1646 839 89 qui eſtoit ſilõgue qu’on ne s’enpou¬

68 1718 839 95 uoit aider adroitement ſans four¬

724 1791 195 111 chette;

286 95 449 78 COMIQVE.

441 1795 118 91 A 2

903 111 16 77 3
