1186 2155
95 256 848 88 de la ville, deuant que de gagner

97 326 848 81 Alençon, où le reſte de la Troupe

93 391 866 81 a le rendez-vous. La reſponſe du¬

91 457 852 83 Comedien fit ouurir les oreilles à

91 529 847 79 tout le monde: La Rappiniere of¬

89 594 852 88 frit vne vieille robe de ſa femme à la¬

95 662 848 77 Cauerne, & la Tripotiere deux ou

93 734 846 81 trois paires d’habits qu’elle auoit en

97 799 841 84 gage, à Deſtin, & à la Rancune.

93 863 845 92 Mais, adiouſta quelqu’vn de la

91 935 838 88 compagnie, vous n'eſtes que trois;

93 1002 846 88 L'ayioüé vne piece moy ſeul, dit la

89 1066 854 90 Rancune, & ay fait en meſme temps

89 1134 843 87 le Roy, la Reyne & l’Ambaſſa¬

88 1203 844 88 deur; ie parlois en fauſſet, quand ie

89 1267 856 94 faiſois la Reyne, ie parlois du nez

93 1337 845 92 pour l’Ambaſſadeur, & me tournois

93 1409 837 88 vers ma Couronne que ie poſois

88 1472 850 90 ſur vne chaiſe, & pour le Roy, ie

86 1544 844 83 reprenois mon ſiege, ma Couronne

88 1609 844 97 & ma grauité en groſſiſſant vn peu

84 1677 845 90 ma voix; & qu’ainſi ne ſoit, ſi vous

88 1749 839 86 voulez contenter noſtre Charretier

88 1811 842 99 & payer noſtre deſpence en l’hoſtel¬

778 1891 158 86 lerie¬

314 190 417 82 COMIQVE.

477 1882 107 89 A5

894 206 54 74 9
