1203 2173
280 157 76 87 16

273 231 848 102 la rumeur. Quelques vns furent

273 304 841 92 d’auis de jetter deux ou trois ſeaux

271 369 841 85 d’eau ſur les combattans, & le re¬

271 438 841 96 mede euſt peut-eſtre reüſſi, mais

268 499 838 104 ils ſe ſeparerent de laſſitude: outre

268 572 838 99 que deux Peres Capucins, qui ſe

269 642 832 95 jetterent par charité dans le champ

264 708 841 97 de bataille, mirent, non pas vne paix

268 775 831 97 bien affſermie, entre les combatans,

264 842 837 99 mais firent accorder quelques treſ¬

262 916 841 98 ues, pendant leſquelles on peuſt

260 979 837 98 negocier, ſans prejudice des infor¬

259 1048 840 98 mations qui ſe firent de part &

257 1113 840 91 d’autre. Le Comedien Deſtin ſit

255 1180 826 102 des proüeſſes à coups de poing

251 1247 845 98 dont l’on parle encore dans la ville

250 1321 842 93 du Mans, ſuiuant ce qu’en ont ra¬

250 1387 842 87 conté les deux jouuenceaux, au¬

251 1457 841 94 theurs de la querelle auec leſquels

244 1517 841 100 il eut particulierement à faire, &

244 1591 843 96 qu’il penſa roüer de coups, outre

240 1655 847 103 quantité d’autres du party contrai¬

242 1722 843 99 re qu’il mit hors de combat du pre¬

242 1789 841 117 mier coup. Il perdit ſon emplaſtre

905 1879 183 96 durant

447 172 486 79 LE ROMANT
