1192 2158
113 206 834 90 porte du quel eſtoient aſſemblez

108 278 835 87 quantité des plus gros Bourgeois

104 350 841 70 de la Ville. La nouueauté de l’atti¬

104 413 837 81 rail, & le bruit de la canaille qui s’e¬

102 481 841 76 ſtoit aſſemblée à l’entour de la cha¬

100 550 843 84 rette; furent cauſe que tous ces hon¬

99 622 842 81 norables Bourgue-maiſtres iette¬

104 686 839 85 rent les veux ſur nos Inconnus. Vn

100 758 839 72 Lieutenant de Preuoſt entr’autres,

99 825 842 81 nommé la Rappiniere, les vint ac¬

100 891 839 76 coſter, & leur demanda auec vne

99 954 839 89 authorité de Magiſtrat, quelles

104 1025 832 86 gens ils eſtoient. Le ieune hom¬

99 1093 840 83 me dont ie vous viens de parler,

100 1165 827 72 & ſans mettre les mains au Tur¬

99 1228 835 84 ban, parce que de l’vne il tenoit ſon

95 1298 837 84 fuzil, & de l’autre la garde de ſon

95 1361 834 93 eſpée, de peur qu’elle ne luy battiſt

93 1431 839 93 les jambes, luy dit; Qu’ils eſtoient

93 1505 837 82 François de naiſſance, Comediens

95 1562 834 96 de profeſſion, qu’il s’appelloit De¬

93 1631 837 93 ſtin en ſon nom de Theatre, ſon

93 1701 839 90 vieil camarade la Rancune, & la

91 1765 838 103 Demoiſelle qui eſtoit iuchée com¬

831 1864 98 83 me

322 151 428 66 COMIQVE.

540 1841 99 86 A 3

884 196 59 37 5
