1227 2167
265 126 67 60 4

263 160 842 94 chette; il portoit des chauſſes trouſ¬

263 229 842 85 ſées à bas d’attache comme celles

262 297 847 96 des Comediens quand ils repreſen¬

267 366 842 92 tent vn Heros de l’antiquité, & il

267 437 840 88 auoit au lieu de ſoulliers des bro¬

263 502 850 97 dequins à l’antique, que les bouës

267 568 846 87 auoient gaſtez iuiſqu’à la cheuille

263 642 848 91 du pied. Vn vieillard veſtu plus re¬

274 711 837 88 gulierement, quoy que tres-mal,

269 772 851 91 marchoit à coſté de luy. Il portoit

267 843 851 81 ſur ſes eſpaules vne baſſe de viole,

274 915 846 92 & parce qu’il ſe courboit vn peu en

274 980 835 90 marchant, on l’euſt pris de loing

276 1056 838 83 pour vne groſſe Tortuë, qui mar¬

271 1116 847 83 choit ſur les jambes de derriere.

278 1184 844 90 Quelque Critique murmurera de

271 1255 852 86 la comparaiſon à cauſe du peu de

276 1320 847 95 proportion qu’il y a d’vne Tortuë à

276 1392 842 85 vn homme: mais i’entens parler des

285 1455 837 94 grandes Tortuës qui ſe trouuent

276 1524 846 81 dans les Indes, & de plus, ie m’en

274 1590 848 85 ſers de ma ſeule authorité. Rerour¬

276 1661 844 83 nons à noſtre Carauanne. Elle paſ¬

271 1726 852 96 ſa deuant le Tripot de la Biche, à la

979 1805 146 91 porte

421 106 518 69 LE ROMANT
