2626 4074
377 424 1409 146 tres renomme quant il estoit parmy le monde

373 529 1420 126 et en publicque il rioit tousiours, disãt qu il

377 621 1464 136 ne boioit que folzs et folles et follies par les citez

377 729 1406 129 car les ungs pleurent les autres se sioyssent

366 818 1390 152 sans qu il y ait cause raisonnable, comme

373 926 1383 133 font les petitz enfans et les innocens qui se

377 1015 1413 125 courroucent souuent quant on leur cuyde bien

366 1123 1427 129 faire, et au rebours aussi sesioissent, le tout

373 1208 1417 146 par faulte de bon iugement et congnoissance

370 1307 1440 129 et discretion. Au contraire heraclite tousiours

373 1419 1393 118 pleuroit quant il alloit par la ville comme

370 1520 1420 109 dient senecque et iuuenal pour la compassion

370 1602 1382 132 qu il auoit de l ignorance des hommes qui

373 1697 1420 122 n entendoient la verite. et pour ce est prudence

377 1782 1443 136 lettree une chose precieuse et don de dieu inuẽte

377 1901 1437 112 pour supplier les faultes de nature humaine.

363 1986 1427 129 Il socrates ce considerant ou liure qu il escript

366 2098 1420 115 a demonicque, dit en ceste maniere. tu doibz

366 2172 1437 133 sur toutes choses exercer ton entendement en

370 2271 1379 132 prudence, car bon entendement ou corps de

370 2376 1389 122 l homme est une tres grande chose enclose en

373 2468 1441 129 une tres petite. et en ung autre paissaige il dit

360 2566 1464 126 que tout ainsi que le corps amende et s accroist

370 2658 1427 125 par exercice tempere a sa qualite, aussi l ame

366 2746 1465 132 et l entendement de l homme croist et se augmẽte

370 2848 1416 132 par lire esciptures ou escouter parolles qui

366 2953 1471 109 tendent a vertu ou enseignent sapience. Toute

363 3041 1400 174 la philosophie morale en laquelle tant de

2337 105 102 132 7
