<?xml version="1.0" encoding="UTF-8"?>
<alto xmlns:xsi="http://www.w3.org/2001/XMLSchema-instance"
      xmlns="http://www.loc.gov/standards/alto/ns-v4#"
      xsi:schemaLocation="http://www.loc.gov/standards/alto/ns-v4# http://www.loc.gov/standards/alto/v4/alto-4-2.xsd">
  <Description>
    <MeasurementUnit>pixel</MeasurementUnit>
    <sourceImageInformation>
      <fileName>btv1b55008562q_f39.jpg</fileName>
      
    </sourceImageInformation>
  </Description>
  
  <Tags>
    <OtherTag ID="BT2303" LABEL="MarginTextZone" DESCRIPTION="block type MarginTextZone"/><OtherTag ID="BT2302" LABEL="MainZone" DESCRIPTION="block type MainZone"/><OtherTag ID="BT2301" LABEL="GraphicZone" DESCRIPTION="block type GraphicZone"/><OtherTag ID="BT2300" LABEL="DropCapitalZone" DESCRIPTION="block type DropCapitalZone"/><OtherTag ID="BT2299" LABEL="DigitizationArtefactZone" DESCRIPTION="block type DigitizationArtefactZone"/><OtherTag ID="BT2298" LABEL="DamageZone" DESCRIPTION="block type DamageZone"/><OtherTag ID="BT2312" LABEL="TitlePageZone" DESCRIPTION="block type TitlePageZone"/><OtherTag ID="BT2311" LABEL="TableZone" DESCRIPTION="block type TableZone"/><OtherTag ID="BT2310" LABEL="StampZone" DESCRIPTION="block type StampZone"/><OtherTag ID="BT2309" LABEL="SealZone" DESCRIPTION="block type SealZone"/><OtherTag ID="BT2307" LABEL="RunningTitleZone" DESCRIPTION="block type RunningTitleZone"/><OtherTag ID="BT2306" LABEL="QuireMarksZone" DESCRIPTION="block type QuireMarksZone"/><OtherTag ID="BT2305" LABEL="NumberingZone" DESCRIPTION="block type NumberingZone"/><OtherTag ID="BT2304" LABEL="MusicZone" DESCRIPTION="block type MusicZone"/>
    <OtherTag ID="LT808" LABEL="DefaultLine" DESCRIPTION="line type DefaultLine"/><OtherTag ID="LT809" LABEL="DropCapitalLine" DESCRIPTION="line type DropCapitalLine"/><OtherTag ID="LT810" LABEL="MusicLine" DESCRIPTION="line type MusicLine"/><OtherTag ID="LT811" LABEL="HeadingLine" DESCRIPTION="line type HeadingLine"/><OtherTag ID="LT812" LABEL="InterlinearLine" DESCRIPTION="line type InterlinearLine"/>
  </Tags>
  
  <Layout>
    <Page WIDTH="2615"
          HEIGHT="4083"
          PHYSICAL_IMG_NR="15"
          ID="eSc_dummypage_">
      <PrintSpace HPOS="0"
                  VPOS="0"
                  WIDTH="2615"
                  HEIGHT="4083">
        
        <TextBlock HPOS="269"
                   VPOS="430"
                   WIDTH="1616"
                   HEIGHT="2792"
                   ID="eSc_textblock_6b4ea3de"
                   TAGREFS="BT2302">
          <Shape><Polygon POINTS="269 430 279 3222 1885 3222 1885 430"/></Shape>
          
          
          <TextLine ID="line_0"
                    TAGREFS="LT808"
                    BASELINE="350 517 1784 500" 
                    HPOS="343"
                    VPOS="401"
                    WIDTH="1441"
                    HEIGHT="143">
            <Shape><Polygon POINTS="350 517 343 442 738 411 742 411 864 432 912 408 915 408 919 408 922 408 1001 428 1103 408 1239 404 1242 404 1246 404 1300 425 1491 401 1494 401 1777 425 1784 500 1784 527 350 544"/></Shape>
	    <String CONTENT="la maternelle il n y eust autre difference"
                    HPOS="343"
                    VPOS="401"
                    WIDTH="1441"
                    HEIGHT="143"></String>
          </TextLine>

          
          
          <TextLine ID="line_1"
                    TAGREFS="LT808"
                    BASELINE="350 615 1665 598" 
                    HPOS="337"
                    VPOS="513"
                    WIDTH="1328"
                    HEIGHT="143">
            <Shape><Polygon POINTS="350 615 337 544 377 520 381 520 384 520 388 520 391 520 452 537 585 520 589 520 694 534 718 517 721 517 725 517 728 517 878 530 919 513 922 513 926 513 1092 513 1096 513 1099 513 1120 530 1123 530 1654 523 1665 598 1658 636 885 632 868 646 868 649 864 649 861 649 858 649 847 649 677 636 350 656"/></Shape>
	    <String CONTENT="sinon que de parler proprement et"
                    HPOS="337"
                    VPOS="513"
                    WIDTH="1328"
                    HEIGHT="143"></String>
          </TextLine>

          
          
          <TextLine ID="line_2"
                    TAGREFS="LT808"
                    BASELINE="350 721 1808 704" 
                    HPOS="343"
                    VPOS="622"
                    WIDTH="1465"
                    HEIGHT="129">
            <Shape><Polygon POINTS="350 721 343 646 439 626 442 626 616 639 633 626 633 622 636 622 640 622 643 622 1801 629 1808 704 1804 731 350 751"/></Shape>
	    <String CONTENT="ornement, ne pareillement en la langue"
                    HPOS="343"
                    VPOS="622"
                    WIDTH="1465"
                    HEIGHT="129"></String>
          </TextLine>

          
          
          <TextLine ID="line_3"
                    TAGREFS="LT808"
                    BASELINE="350 813 1753 806" 
                    HPOS="343"
                    VPOS="714"
                    WIDTH="1410"
                    HEIGHT="126">
            <Shape><Polygon POINTS="350 813 343 738 568 717 572 717 687 734 694 734 704 734 960 717 963 717 967 717 1024 734 1028 734 1038 734 1198 714 1201 714 1746 734 1753 806 1746 840 347 830"/></Shape>
	    <String CONTENT="romaine qui est auiourduy la langue"
                    HPOS="343"
                    VPOS="714"
                    WIDTH="1410"
                    HEIGHT="126"></String>
          </TextLine>

          
          
          <TextLine ID="line_4"
                    TAGREFS="LT808"
                    BASELINE="347 911 1784 905" 
                    HPOS="337"
                    VPOS="813"
                    WIDTH="1447"
                    HEIGHT="132">
            <Shape><Polygon POINTS="347 911 337 840 381 820 384 820 388 820 926 833 1062 813 1065 813 1392 813 1396 813 1399 813 1426 830 1733 813 1736 813 1739 813 1780 833 1784 905 1780 945 1232 945 1229 942 1225 942 1167 925 1021 942 980 945 977 945 926 942 783 928 738 942 725 945 721 945 718 945 715 945 701 942 663 928 347 939"/></Shape>
	    <String CONTENT="latine, n y eust tant de difference que le"
                    HPOS="337"
                    VPOS="813"
                    WIDTH="1447"
                    HEIGHT="132"></String>
          </TextLine>

          
          
          <TextLine ID="line_5"
                    TAGREFS="LT808"
                    BASELINE="350 1007 1791 1000" 
                    HPOS="343"
                    VPOS="915"
                    WIDTH="1448"
                    HEIGHT="126">
            <Shape><Polygon POINTS="350 1007 343 939 442 915 446 915 449 915 452 915 480 932 565 915 568 915 684 915 687 915 691 915 691 918 708 932 715 932 875 915 878 915 990 928 1028 932 1069 928 1154 915 1157 915 1784 918 1791 1000 1791 1030 350 1041"/></Shape>
	    <String CONTENT="commun peuple et ignorant n entendist"
                    HPOS="343"
                    VPOS="915"
                    WIDTH="1448"
                    HEIGHT="126"></String>
          </TextLine>

          
          
          <TextLine ID="line_6"
                    TAGREFS="LT808"
                    BASELINE="350 1112 1685 1099" 
                    HPOS="343"
                    VPOS="1020"
                    WIDTH="1342"
                    HEIGHT="119">
            <Shape><Polygon POINTS="350 1112 343 1030 1675 1020 1685 1099 1682 1119 350 1139"/></Shape>
	    <String CONTENT="bien la langue des gens lettrez et les"
                    HPOS="343"
                    VPOS="1020"
                    WIDTH="1342"
                    HEIGHT="119"></String>
          </TextLine>

          
          
          <TextLine ID="line_7"
                    TAGREFS="LT808"
                    BASELINE="347 1211 1750 1201" 
                    HPOS="340"
                    VPOS="1116"
                    WIDTH="1410"
                    HEIGHT="125">
            <Shape><Polygon POINTS="347 1211 340 1136 1739 1116 1750 1201 1746 1241 347 1241"/></Shape>
	    <String CONTENT="oraisons des orateurs, touttefoys on"
                    HPOS="340"
                    VPOS="1116"
                    WIDTH="1410"
                    HEIGHT="125"></String>
          </TextLine>

          
          
          <TextLine ID="line_8"
                    TAGREFS="LT808"
                    BASELINE="350 1309 1675 1299" 
                    HPOS="337"
                    VPOS="1214"
                    WIDTH="1338"
                    HEIGHT="129">
            <Shape><Polygon POINTS="350 1309 337 1238 367 1218 371 1218 374 1218 377 1218 732 1231 786 1214 789 1214 793 1214 1668 1228 1675 1299 1671 1320 350 1343"/></Shape>
	    <String CONTENT="faisoit tant d estime d ung poete ou"
                    HPOS="337"
                    VPOS="1214"
                    WIDTH="1338"
                    HEIGHT="129"></String>
          </TextLine>

          
          
          <TextLine ID="line_9"
                    TAGREFS="LT808"
                    BASELINE="354 1401 1808 1391" 
                    HPOS="347"
                    VPOS="1306"
                    WIDTH="1467"
                    HEIGHT="136">
            <Shape><Polygon POINTS="354 1401 347 1333 1351 1306 1355 1306 1801 1323 1808 1391 1814 1408 1784 1432 1780 1432 1777 1432 1773 1432 1382 1415 1331 1415 1324 1418 1307 1432 1304 1432 1300 1432 1297 1432 1018 1422 837 1418 820 1429 796 1439 793 1439 793 1442 493 1442 490 1439 486 1439 483 1439 476 1435 456 1422 354 1435"/></Shape>
	    <String CONTENT="orateur quant il estoit excellent ou d ung"
                    HPOS="347"
                    VPOS="1306"
                    WIDTH="1467"
                    HEIGHT="136"></String>
          </TextLine>

          
          
          <TextLine ID="line_10"
                    TAGREFS="LT808"
                    BASELINE="357 1500 1773 1493" 
                    HPOS="354"
                    VPOS="1401"
                    WIDTH="1419"
                    HEIGHT="140">
            <Shape><Polygon POINTS="357 1500 354 1415 769 1422 817 1415 895 1405 898 1405 977 1415 1021 1422 1092 1418 1283 1401 1287 1401 1290 1401 1293 1401 1317 1418 1324 1418 1409 1401 1413 1401 1556 1418 1559 1418 1562 1418 1647 1401 1651 1401 1767 1422 1773 1493 1767 1534 418 1524 360 1541"/></Shape>
	    <String CONTENT="historiographe, que isocrates qui estoit"
                    HPOS="354"
                    VPOS="1401"
                    WIDTH="1419"
                    HEIGHT="140"></String>
          </TextLine>

          
          
          <TextLine ID="line_11"
                    TAGREFS="LT808"
                    BASELINE="313 1588 1756 1595" 
                    HPOS="303"
                    VPOS="1503"
                    WIDTH="1453"
                    HEIGHT="130">
            <Shape><Polygon POINTS="313 1588 309 1514 1750 1503 1756 1595 1753 1622 367 1633 364 1633 360 1633 303 1612"/></Shape>
	    <String CONTENT="du temps d aristote faisant profession"
                    HPOS="303"
                    VPOS="1503"
                    WIDTH="1453"
                    HEIGHT="130"></String>
          </TextLine>

          
          
          <TextLine ID="line_12"
                    TAGREFS="LT808"
                    BASELINE="326 1691 1808 1684" 
                    HPOS="316"
                    VPOS="1599"
                    WIDTH="1492"
                    HEIGHT="129">
            <Shape><Polygon POINTS="326 1691 316 1622 381 1602 384 1602 388 1602 391 1602 435 1619 439 1619 527 1602 531 1602 783 1616 892 1619 902 1612 912 1602 915 1602 919 1602 1082 1599 1086 1599 1372 1605 1763 1616 1791 1599 1808 1684 1804 1728 323 1718"/></Shape>
	    <String CONTENT="d icelle science, vendit une oraison qu il"
                    HPOS="316"
                    VPOS="1599"
                    WIDTH="1492"
                    HEIGHT="129"></String>
          </TextLine>

          
          
          <TextLine ID="line_13"
                    TAGREFS="LT808"
                    BASELINE="354 1789 1763 1782" 
                    HPOS="350"
                    VPOS="1708"
                    WIDTH="1413"
                    HEIGHT="112">
            <Shape><Polygon POINTS="354 1789 350 1708 1756 1714 1763 1782 1760 1806 354 1820"/></Shape>
	    <String CONTENT="auoit faicte a le requeste d ung grant"
                    HPOS="350"
                    VPOS="1708"
                    WIDTH="1413"
                    HEIGHT="112"></String>
          </TextLine>

          
          
          <TextLine ID="line_14"
                    TAGREFS="LT808"
                    BASELINE="364 1884 1719 1884" 
                    HPOS="364"
                    VPOS="1793"
                    WIDTH="1355"
                    HEIGHT="132">
            <Shape><Polygon POINTS="364 1884 364 1793 510 1793 514 1793 517 1793 541 1810 742 1796 803 1793 806 1793 810 1793 823 1796 864 1810 1065 1799 1222 1793 1225 1793 1719 1810 1719 1884 1719 1915 364 1925"/></Shape>
	    <String CONTENT="personnaige vingt talens d athenes"
                    HPOS="364"
                    VPOS="1793"
                    WIDTH="1355"
                    HEIGHT="132"></String>
          </TextLine>

          
          
          <TextLine ID="line_15"
                    TAGREFS="LT808"
                    BASELINE="357 1987 1831 1976" 
                    HPOS="350"
                    VPOS="1884"
                    WIDTH="1481"
                    HEIGHT="147">
            <Shape><Polygon POINTS="357 1987 350 1915 503 1891 507 1891 725 1908 841 1888 844 1888 1011 1905 1048 1888 1052 1888 1055 1888 1225 1905 1545 1884 1549 1884 1552 1884 1556 1884 1583 1905 1821 1905 1831 1976 1828 2004 1273 2024 1270 2024 1031 2021 670 2010 541 2027 531 2027 527 2027 517 2027 394 2010 364 2031"/></Shape>
	    <String CONTENT="ainsi que dit pline le grant ou septiesme"
                    HPOS="350"
                    VPOS="1884"
                    WIDTH="1481"
                    HEIGHT="147"></String>
          </TextLine>

          
          
          <TextLine ID="line_16"
                    TAGREFS="LT808"
                    BASELINE="354 2082 1736 2075" 
                    HPOS="340"
                    VPOS="1987"
                    WIDTH="1396"
                    HEIGHT="125">
            <Shape><Polygon POINTS="354 2082 340 2010 374 1987 377 1987 381 1987 384 1987 1729 2004 1736 2075 1733 2109 354 2112"/></Shape>
	    <String CONTENT="liure de l histoire de nature ou il parle"
                    HPOS="340"
                    VPOS="1987"
                    WIDTH="1396"
                    HEIGHT="125"></String>
          </TextLine>

          
          
          <TextLine ID="line_17"
                    TAGREFS="LT808"
                    BASELINE="330 2177 1780 2170" 
                    HPOS="320"
                    VPOS="2082"
                    WIDTH="1460"
                    HEIGHT="129">
            <Shape><Polygon POINTS="330 2177 320 2106 367 2082 371 2082 374 2082 575 2082 578 2082 582 2082 609 2102 922 2102 1045 2102 1048 2099 1096 2082 1099 2082 1103 2082 1773 2095 1780 2170 1777 2211 326 2208"/></Shape>
	    <String CONTENT="des hommes dignes de memoire et"
                    HPOS="320"
                    VPOS="2082"
                    WIDTH="1460"
                    HEIGHT="129"></String>
          </TextLine>

          
          
          <TextLine ID="line_18"
                    TAGREFS="LT808"
                    BASELINE="357 2272 1777 2272" 
                    HPOS="357"
                    VPOS="2194"
                    WIDTH="1420"
                    HEIGHT="112">
            <Shape><Polygon POINTS="357 2272 357 2194 1777 2194 1777 2272 1777 2300 357 2306"/></Shape>
	    <String CONTENT="des choses merueilleuses. qui est a vr̃e"
                    HPOS="357"
                    VPOS="2194"
                    WIDTH="1420"
                    HEIGHT="112"></String>
          </TextLine>

          
          
          <TextLine ID="line_19"
                    TAGREFS="LT808"
                    BASELINE="360 2378 1821 2371" 
                    HPOS="350"
                    VPOS="2283"
                    WIDTH="1471"
                    HEIGHT="115">
            <Shape><Polygon POINTS="360 2378 350 2306 398 2286 401 2286 405 2286 984 2300 1082 2283 1086 2283 1814 2300 1821 2371 1818 2398 357 2395"/></Shape>
	    <String CONTENT="monnoye douze mil escuz a la couronne,"
                    HPOS="350"
                    VPOS="2283"
                    WIDTH="1471"
                    HEIGHT="115"></String>
          </TextLine>

          
          
          <TextLine ID="line_20"
                    TAGREFS="LT808"
                    BASELINE="354 2473 1763 2466" 
                    HPOS="347"
                    VPOS="2374"
                    WIDTH="1416"
                    HEIGHT="130">
            <Shape><Polygon POINTS="354 2473 347 2402 548 2378 551 2378 732 2395 1052 2374 1055 2374 1058 2374 1130 2391 1270 2374 1273 2374 1276 2374 1331 2391 1753 2391 1763 2466 1760 2504 354 2504"/></Shape>
	    <String CONTENT="car chascun talent valoit autant que"
                    HPOS="347"
                    VPOS="2374"
                    WIDTH="1416"
                    HEIGHT="130"></String>
          </TextLine>

          
          
          <TextLine ID="line_21"
                    TAGREFS="LT808"
                    BASELINE="357 2572 1705 2562" 
                    HPOS="347"
                    VPOS="2480"
                    WIDTH="1358"
                    HEIGHT="126">
            <Shape><Polygon POINTS="357 2572 347 2500 401 2480 405 2480 408 2480 1699 2483 1705 2562 1702 2596 357 2606"/></Shape>
	    <String CONTENT="six cens escuz ainsi que i ay a plain"
                    HPOS="347"
                    VPOS="2480"
                    WIDTH="1358"
                    HEIGHT="126"></String>
          </TextLine>

          
          
          <TextLine ID="line_22"
                    TAGREFS="LT808"
                    BASELINE="357 2670 1746 2657" 
                    HPOS="350"
                    VPOS="2582"
                    WIDTH="1396"
                    HEIGHT="129">
            <Shape><Polygon POINTS="357 2670 350 2602 466 2582 469 2582 1739 2582 1746 2657 1743 2691 1300 2704 1297 2704 1293 2704 1276 2698 1235 2684 1089 2701 1045 2704 1041 2704 973 2701 704 2687 595 2708 565 2711 561 2711 354 2708"/></Shape>
	    <String CONTENT="monstre ou liure que i ay fait de ceste"
                    HPOS="350"
                    VPOS="2582"
                    WIDTH="1396"
                    HEIGHT="129"></String>
          </TextLine>

          
          
          <TextLine ID="line_23"
                    TAGREFS="LT809"
                    BASELINE="360 2769 1770 2756" 
                    HPOS="350"
                    VPOS="2664"
                    WIDTH="1420"
                    HEIGHT="139">
            <Shape><Polygon POINTS="360 2769 350 2701 425 2681 429 2681 432 2681 548 2694 708 2664 711 2664 1154 2670 1157 2670 1208 2687 1215 2691 1402 2691 1419 2684 1474 2667 1477 2667 1481 2667 1484 2667 1535 2681 1545 2684 1760 2681 1770 2756 1770 2793 360 2803"/></Shape>
	    <String CONTENT="matiere ⁋Thucidides qui a escript les"
                    HPOS="350"
                    VPOS="2664"
                    WIDTH="1420"
                    HEIGHT="139"></String>
          </TextLine>

          
          
          <TextLine ID="line_24"
                    TAGREFS="LT808"
                    BASELINE="357 2864 1736 2851" 
                    HPOS="350"
                    VPOS="2759"
                    WIDTH="1386"
                    HEIGHT="146">
            <Shape><Polygon POINTS="357 2864 350 2793 602 2769 606 2769 806 2783 841 2766 844 2766 847 2766 1470 2776 1487 2762 1487 2759 1491 2759 1494 2759 1498 2759 1729 2779 1736 2851 1733 2885 357 2905"/></Shape>
	    <String CONTENT="guerres pelopõnesiacques fut chef de"
                    HPOS="350"
                    VPOS="2759"
                    WIDTH="1386"
                    HEIGHT="146"></String>
          </TextLine>

          
          
          <TextLine ID="line_25"
                    TAGREFS="LT808"
                    BASELINE="354 2963 1797 2949" 
                    HPOS="343"
                    VPOS="2875"
                    WIDTH="1454"
                    HEIGHT="126">
            <Shape><Polygon POINTS="354 2963 343 2881 1787 2875 1797 2949 1794 2990 354 3001"/></Shape>
	    <String CONTENT="guerre pour la seigneurie d athenes qui"
                    HPOS="343"
                    VPOS="2875"
                    WIDTH="1454"
                    HEIGHT="126"></String>
          </TextLine>

          
          
          <TextLine ID="line_26"
                    TAGREFS="LT808"
                    BASELINE="357 3058 1845 3052" 
                    HPOS="354"
                    VPOS="2977"
                    WIDTH="1491"
                    HEIGHT="122">
            <Shape><Polygon POINTS="357 3058 354 2977 1838 2977 1845 3052 1842 3075 357 3099"/></Shape>
	    <String CONTENT="estoit alors grande et opulente, et pour ce"
                    HPOS="354"
                    VPOS="2977"
                    WIDTH="1491"
                    HEIGHT="122"></String>
          </TextLine>

          
          
          <TextLine ID="eSc_line_f2be1b4d"
                  TAGREFS="LT808"
                    BASELINE="360 3150 1773 3140" 
                    HPOS="354"
                    VPOS="3062"
                    WIDTH="1426"
                    HEIGHT="163">
            <Shape><Polygon POINTS="360 3150 354 3082 500 3062 503 3062 1767 3069 1773 3140 1780 3208 1753 3225 1750 3225 1746 3225 1743 3225 1739 3225 1709 3211 1647 3188 1430 3188 1327 3218 1324 3218 1321 3218 1317 3218 1208 3191 1158 3195 1101 3191 1020 3170 986 3188 995 3188 949 3159 877 3154 830 3168 826 3181 818 3176 790 3160 768 3206 741 3190 711 3190 651 3190 584 3188 364 3201"/></Shape>
	    <String CONTENT="qu il se trouua charge d auoir mal verse"
                    HPOS="354"
                    VPOS="3062"
                    WIDTH="1426"
                    HEIGHT="163"></String>
          </TextLine>

          
        </TextBlock>
        
        <TextBlock HPOS="2369"
                   VPOS="95"
                   WIDTH="92"
                   HEIGHT="78"
                   ID="block_1"
                   TAGREFS="BT2305">
          <Shape><Polygon POINTS="2461 108 2461 159 2369 173 2383 95"/></Shape>
          
          
          <TextLine ID="line_28"
                    TAGREFS="LT808"
                    BASELINE="2397 163 2437 163" 
                    HPOS="2390"
                    VPOS="74"
                    WIDTH="47"
                    HEIGHT="130">
            <Shape><Polygon POINTS="2397 163 2390 88 2431 74 2437 163 2434 204 2393 193"/></Shape>
	    <String CONTENT="18"
                    HPOS="2390"
                    VPOS="74"
                    WIDTH="47"
                    HEIGHT="130"></String>
          </TextLine>

          
        </TextBlock>
        

        
      </PrintSpace>
    </Page>
  </Layout>
</alto>
