2633 4075
370 410 1393 126 cheuet son pognart et l iliade d homere

370 505 1372 147 ou quel liure le siege de troye est escript

377 607 1331 133 et les faitz et prouesses d achilles et

373 706 1403 139 autres vaillans hommes d une part et

363 818 1407 132 d autre, disant qu c estoit le viaticque

360 903 1494 132 de ceulx qui veulent mener la guerre pour

370 1008 1410 126 leur donner tousiours le grant cueur

380 1103 1458 133 et magnanimite, lequel liure il auoit

370 1195 1389 136 totalement apris soubz le dict aristote

380 1300 1417 139 qui auoit este son precepteur en ieune

377 1405 1433 129 aage. On pourroit icy dire en obiceant

373 1500 1420 133 a ce que i ay dit deuant qu on ne peult

366 1596 1417 132 faillir a trouuer quant on veult prou

380 1691 1474 135 gens assez scauans pour escripre histoires

373 1789 1414 119 ou cronicques de chasque pays. a ce

380 1877 1502 146 peult on respondre que alexãdre cõgnoissãt

380 1979 1451 123 qu il vauldroit autant ou mieulx que

370 2074 1434 136 les choses demourassent en oubly que

363 2183 1430 132 d estre escriptes par gens a ce faire non

377 2275 1494 139 suffisans, dist les parolles dessus dictes

377 2373 1427 122 ou sepulchre d achilles. plus y a qu il

366 2472 1376 136 defendit par tous ses pays que nul

370 2560 1468 139 peintre ne nul ymager ou statuaire ne

377 2655 1413 149 fist sa pourtraĩncture en tableau ou en

373 2750 1492 139 cuyure excepte apelles peintre excellent

370 2855 1427 126 sur tous ceulx qui iamais furent, et

373 2954 1485 136 lysippe ymager aussi excellent, lesquelz

319 3046 1423 173 deux furent du temps d alexandre

2391 105 82 119 17
