2613 4074
353 431 1447 139 oblige a dieu, non seulement d en rendre

360 536 1349 126 graces mais aussi d en bien user au

360 624 1437 136 salut de vous et de voz subiectz. or pour

349 723 1394 135 satisfaire a ceste obligation en tout ou

356 821 1336 136 partie, vous est besoing auec le bon

356 926 1380 129 entendement que vous auez et auec la

346 1015 1346 146 grande facilite de concepuoir ce que

346 1130 1417 119 vous oyez ou lisez, d acquerir prudence

346 1212 1335 135 par doctrine telle que ung si grant

353 1327 1437 115 prince comme vous peult acquerir par

353 1419 1475 112 honneur. en ce faisant vous augmẽterez

346 1507 1444 129 en enrichirez les biens que nature vous

353 1599 1373 132 a donnez a mesure comble, par une

346 1697 1434 143 liberalite dont elle ne use pas souuent

353 1806 1396 135 mesmement es personnes des grans

346 1911 1451 122 princes. mais ceste doctrine sire n aurez

346 2013 1397 119 vous par enseignement de maistre,

346 2101 1363 129 car vous estes si grant maistre que

349 2199 1383 126 tous autres sont moindres que vous

353 2281 1373 139 apres dieu et saincte eglise qui est la

353 2386 1485 129 mere de tous crestiens, de laquelle vous

353 2491 1437 112 estes et vous portez premier filz. mais

346 2586 1431 119 vous pouez auoir une grande maistresse

353 2668 1447 132 qui equipole toute seule a plusieurs grãs

346 2773 1482 133 precepteurs ensemble, et si enseigne par

336 2865 1417 139 grant plaisir et doulceur ceulx qui se

339 2960 1397 143 adonnent a sa doctrine. et se nomme

2368 84 102 157 15
