2632 4074
359 427 1383 136 et autres communaultez de grece. Et la

353 533 1372 125 langue latine, en laquelle les faictz des

356 624 1396 139 romains ont este escriptz qui est la fille de

359 729 1437 123 la grecque tant parce qu elle a este du tout

363 824 1436 129 conformee par les romains a l imitation de

353 937 1406 105 la grecque, comme parce que grant partie

353 1015 1450 142 des termes de la langue latine ont este prins

363 1113 1409 132 en sont deriuez de la grecque laquelle est la

363 1225 1443 122 plus ample et la plus copieuse et abundante

363 1310 1436 143 en termes et vocables de toutes les langues

366 1402 1467 139 dont nous aions congnoissance, et en laquelle

356 1514 1430 125 seule langue eloquence, qui par les anciens

363 1599 1369 122 a este appellee royne des hommes et des

366 1690 1454 143 sciences, peut plainement et ãplemẽt monstrer

373 1789 1403 142 et exhiber sa grande puissance et soy estandre

366 1884 1467 139 de toutes pars, et desploier ⁊ mectre en euidence

366 1999 1416 122 et sur la monstre ses figures et sentences de

363 2091 1406 129 haulte lice et de la grant sorte, ce qu elle ne

370 2193 1426 112 peult faire es autres langues, ne mesmes

366 2288 1420 122 en la latine, car elle n abunde copieusement

376 2373 1393 132 en termes a beaucoup pres tant comme sa

373 2464 1477 133 mere la grecque, ne en si beau si coint si doulx

373 2570 1457 135 parler, ne en tant de manieres d exprimer les

370 2661 1426 129 conceptions de l homme, ne en termes de si

376 2760 1485 129 grande signification, pour peindre en couleurs

373 2855 1379 129 verbales, et representer au vif a l oeil de

370 2946 1457 136 l entendement les choses que l on veult donner

370 3052 1460 149 a entendre aussi bien que s ilz estoient en ung

2360 84 85 190 9
