2608 4076
360 424 1421 136 bien eureux, car il a acomplissement et

360 526 1401 132 perfection de nature humaine, et n a

343 631 1404 126 empeschement qui le garde d en auoir la

353 726 1404 126 fruition. or a ce que ie pius congnoistre

363 818 1462 133 on peult bien dire iusques la et plus auãt,

357 927 1397 132 sans parler par assentation et sans estre

367 1019 1377 125 note d adulation, que des biens du corps

367 1110 1428 129 et de l ame vous en auez largement, cõme

353 1219 1435 129 bonne apprehension et ferme memoire, et

357 1314 1417 129 discretion en iugement, bonne opinion a

374 1416 1492 136 consulter, et fantasie a ymaginer, ĩclinacõn

370 1521 1377 119 et aptitude a bonnes meurs, et autres

370 1616 1408 123 parties des biens qu on appelle interiores,

370 1701 1459 129 car ceulx sont les biens de l homme spũel

377 1817 1421 108 et intrinsecque. aussi grande sante et bõne

374 1895 1339 126 composition et habitude de corps, auec

377 2010 1428 116 singuliere dexterite de membres et agilite,

367 2085 1411 139 pour facilement, deuement et decentement

370 2194 1391 122 excercer l office de roy. stature belle et au

360 2292 1462 126 vray dire heroicque, et maintien auenant

357 2381 1472 115 de tout le corps, grace et maieste de face et

360 2476 1459 132 pareillement de visaige, ensemble natifue et

340 2578 1485 125 diserte facilite de langaige, lesquelles choses

363 2662 1371 126 font les princes plus venerabes a ceulx

363 2758 1459 142 qui gectent leur veue sur eulx. c est assauoir

370 2859 1404 116 a tout le monde. car le bon et le mauuais

350 2955 1407 142 des roys ne se peult cacher, mesmement

370 3050 1483 176 des roys de france, pour ce que toutes gens

2346 84 64 146 14
