2624 4062
355 419 1436 153 leur sante. et ce font ilz comme ie croy

355 524 1466 136 par consideration que l honneur de nature

345 612 1449 142 humaine consiste en l engin et en l esperit

352 724 1415 142 de l homme, lequel tousiours croist par

358 825 1473 136 excercice d estude. et l honneur et reputacõn

358 910 1473 149 de l esperit consiste en eloquence et langaige

358 1015 1385 146 disert. ¶Or est celle prudence qui

365 1113 1449 149 s appelle sapience de telle nature quelle ne

362 1211 1469 153 peult consister en homme s il n est ingenieux

365 1323 1354 129 et aigu de soy mesmes pour faire bon

365 1401 1470 156 iugement des choses humaines, et volũtif

369 1502 1418 146 a aprandre et amoureux de vertu. Et a

365 1607 1456 146 ceulx qui ont desir de scauoir et apprandre,

358 1716 1439 118 il est mestier d auoir bon maistre, et qui

362 1800 1418 139 veult auoir tel maistre, il luy conuient

365 1892 1368 142 le cercher par grant cure, et a quelque

365 1993 1358 149 pris qu il couste, et mesmement aux

369 2091 1384 139 grans princes ausquelz riens ne peult

369 2183 1452 118 estre cher quant ilz sont liberaulx de leur

639 2301 38 68 et

369 2274 1489 153 nature, ‸qu ilz ont de quoy excercer liberalite

362 2359 1520 162 et munificence. il reste doncques seulemẽt

345 2474 1544 145 de scauoir qui sera ce maistre et ou trouuer

369 2575 1432 146 on le pourra. quant a moy sire i estime

372 2667 1429 152 qu on ne peult auoir meilleurs ne plus

369 2772 1384 139 auctorizez precepteurs que ceulx que ie

358 2877 1490 115 diray cy apres, ne plus dignes et ydoines

365 2958 1446 142 d enseigner ung si grant prince et si bien

365 3066 1449 170 doue des dons de dieu et de nature comme

2370 84 84 193 13
