2670 4029
362 423 1441 137 Uerbi certa fides, ut mũdo augustior esset

490 523 1306 138 principe francisco nobiltata fuit.

631 708 1101 141 Tres puissant, tres victorieux

382 712 266 248 A

644 812 1085 131 tres eminent prince, francoys

359 926 1410 108 le roy tres crestien de france premier

369 1013 1390 121 de ce nom. duc de milan, seigneur

369 1107 1357 115 de gennes. Guillaume bude son

366 1201 1400 115 tres humble et tres obeissant subiect et

369 1292 1397 141 sercretaire. Accroissement d honneur

366 1400 1437 127 et de maieste, augmentation de toutes

369 1490 1377 131 vertuz royalles en longue vie et

372 1591 1310 131 grande sante. illustration de son

369 1692 1367 121 nom et armes de france en toute

382 1792 410 135 prosperite

849 2477 883 125 Il re il est escript ou

842 2565 907 131 dixhuitiesme chapitre

856 2665 944 128 des prouerbes de salomõ

849 2756 964 131 Donum hommis dilatat

366 2441 490 560 S

849 2857 897 114 viam eius et ante

369 2971 1377 117 principes spacium ei facit, C est a

362 3048 1431 131 dire se don presente par l homme luy

2448 23 40 178 2
