2596 4066
345 413 1413 139 dieu en l euangile, qui mect a prouffit

362 521 1325 126 les talens que dieu luy a mis en sa

369 613 1278 122 main, en les multiplĩant et faisant

359 708 1315 132 valoir par industrie a l honneur et

362 819 1390 129 intention de luy. ceulx sont les biens

355 911 1376 122 du corps et de l ame que dieu vous a

335 1009 1467 129 donnez, c est a dire les organes des sens

366 1111 1392 125 corporelz, et les vertuz et puissances

359 1213 1382 125 de l ame dont vous estes doue ou de gre

362 1294 1390 149 superlatif. ⁋Mais comme dient

372 1426 1363 108 les grans maistres anciens histoire ne

366 1507 1372 122 peult garder longuement son auctorite

362 1599 1437 125 ne durer a perpetuite si elle n est traictee et

366 1700 1416 133 escripte par homme qui soit elegant et

355 1795 1339 126 orateur, et qui saiche la facon d y

355 1883 1431 129 accomoder la grace et la grauite qui est

362 1978 1444 143 requise en histoire auant qu on y adiouste

362 2080 1366 142 foy comme a chose vray semblable, et

362 2185 1403 125 qu on si vueille arrester comme a chose

328 2276 1495 122 delectable et auec ce racomptable en bonne

362 2368 1440 129 assemblee. Alexandre le grant monstra

362 2459 1390 133 bien quelle estime on debuoit faire de

359 2561 1406 125 ceulx qui ont doctrine excellente pour

355 2673 1390 125 rediger par escript les choses dignes de

352 2761 1450 122 louenge ou memoire perpetuelle. car quãt

359 2873 1389 108 il passa la mer de l hellespont pour aller

359 2947 1328 139 conquerir l asie il voulut veoir la

362 3066 1417 176 pourtraicture d achilles qui estoit erigee

2355 88 74 105 16
