2682 4051
371 445 1436 149 vous auez selon l opinion des hõmes ung

374 543 1389 142 hault magnanime royal et auguste

371 634 1398 128 vouloir de augmẽter la fortune et

381 732 1459 145 mectre en auant ceulx qui se monstrerõt

381 827 1412 145 par euure auoir merite qui se sentent

374 938 1436 115 de vostre renommee liberalite. en quoy

381 1029 1432 132 faisant sire vous reueillerez et exciterez

374 1124 1416 131 les bons et francs esperitz de vostre

381 1222 1426 138 royaume qui par cy deuant se sõt asopiz

385 1323 1287 128 par nonchaillance et endormiz en

374 1407 1429 142 desespoir de mieulx auoir ou estre plus

381 1512 1378 132 auancez pour bien faire. Et retirerez

388 1610 1402 115 en france l honneur des bonnes lettres

388 1718 1388 121 et elegantes, qui depuis cent ans enca

381 1819 1392 105 ou enuiron que la brave langue latine

388 1910 1405 132 s est cõmencee a instaurer au moyen que

374 1998 1375 142 la langue grecque dechassee de son pays

385 2113 1455 121 par les turcs, est passee en italie, na pas

385 2201 1374 124 grandement suyui le nom et parti de

381 2295 1436 135 france pour ce qu on ne luy faisoit grãt

385 2393 1425 128 acueil. et serez ou temps auenir le roy

385 2498 1412 121 surnõme musegetes. qui estoit ou temps

388 2585 1395 132 passe le surnõ de phebus ou hercules

374 2677 1460 141 acõpaigne des neuf muses cõme estant

374 2785 1450 114 leur protecteur. entre lesquelles calliope

371 2882 1463 125 dit tousiours choses elegãtes pour resioyr

381 2987 1476 118 par suauite de langaige leur conducteur

381 3065 1453 148 et etreteneur. et clio recite honorablemẽt

2408 97 108 203 5
