2634 4074
353 437 1404 150 en reproche ou sans acquerir grant nom

350 526 1403 142 et reputacion chascun entre gens de sa

343 638 1441 146 sorte et de son estat. Puis donques que

353 736 1404 129 par ce qui est dit cy dessus, sapience est se

353 831 1455 139 moien de paruenir a ce bien que les hommes

353 926 1380 133 ont en si grant estime, on doit cercher

353 1035 1363 136 sapience et prudence a toute diligence,

346 1120 1451 153 se l on veult estre estime en sa vie et rendre

339 1235 1394 112 de soy la memoire immortelle comme

343 1324 1424 135 l esperit de l homme est immortel, ce qui

353 1422 1427 122 est aduenu par cy deuant a ceulx qui ont

343 1524 1441 125 fait et dit choses dignes de memoire, et a

346 1602 1431 143 ceulx aussi qui les ont mises par escript

346 1700 1424 129 de la sorte qu il appartenoit, car ilz ont

346 1799 1451 136 tellement illustre et anobly leurs noms

350 1897 1471 133 qui semble qu ilz viuent encores au moyen

353 1986 1461 135 qu ilz sont tousiours en la memoire et en

353 2091 1438 119 bouche des hommes. Tite liue a escript

346 2176 1462 132 les histoires romaines qui sont perdues

360 2271 1471 136 pour la plus part combien que le prĩcipal

363 2369 1441 139 n est perdu, son nom est par cela aussi

350 2481 1417 112 illustre comme celuy de ceulx dont il a

367 2566 1447 126 escript pour ce qu il a este excellẽt historien,

353 2675 1431 119 et ainsi est il des autres. et n estoit cela,

356 2763 1404 126 les gens de lettre ne prandroient iamais

360 2865 1397 115 tant de peine pour acquerir perfection de

353 2943 1380 139 science, car quant est des bonnes lettres

360 3052 1448 176 ilz requierent toute la vie de l homme qui

2368 112 96 108 12
