2631 4075
360 451 1448 133 astraindre par craincte et par necessite d obeissãce

363 550 1435 129 comme il fait aux autres, sinon la loy diuĩe

360 652 1492 125 qui a auctorite de dieu et non pas des hommes.

356 736 1455 133 et pour ce l empereur dit en ses loix que cõbien

360 838 1506 143 qu il ne soit subiect aux droictz ciuilz neautmoĩs

363 940 1435 126 cest honneur a luy et parolle digne de roy de

356 1039 1462 142 de se y vouloir assubiectir et ainsi le dire pour

360 1147 1472 112 donner auctorite a ses constitucõns et ordõnãces.

360 1225 1438 140 la raison des choses dessus dictes est bien et

356 1331 1401 122 amplement deduicte par aristote le grant

356 1429 1414 136 philosophe ou cinquiesme liure d ethicques,

356 1534 1394 119 lequel aucteur en ce lieu et autres a monstre

363 1626 1401 122 plus clerement et mieulx que nul autre que

360 1718 1410 122 cest que de iustice, et dont vient l auctorite et

370 1820 1421 136 maieste royalle. mais iustice distributiue est

353 1918 1394 133 la partie de iustice que les roys exercent en

360 2017 1451 125 leurs personnes, en distribuant les honneurs

367 2119 1363 115 offices et autres biensfaictz a qui bon leur

367 2210 1410 126 semble. Et quant ceste distribution se fait

363 2312 1431 112 par raison, et que les gens scauans et gens

363 2397 1435 126 vertueux en ont leur part competente selon

360 2499 1390 139 leur capacite et profession, cest iustice

363 2601 1438 119 autrement cest iniustice selon aristote car

363 2686 1428 132 ce n est pas ung chascun rẽdre son droit.

370 2801 1390 119 et ainsi est il des papes en la distribution

367 2879 1366 133 des biens spirituels. toutesfois de ceste

363 2971 1435 136 iniustice il n y a que dieu a qui il appartieñe

370 3066 1336 166 d en faire l amendement. car luy seul a

2379 91 61 160 8
