2611 4063
342 430 1425 121 il faisoit propositions deuant cesar en

338 528 1412 135 suppliant pour eulx et faisant leurs

348 633 1385 125 excusations et appoinctemens. entre

335 721 1409 122 lesquelz y en eut ung nomme liguaire

345 815 1443 126 contre lequel cesar estoit tellemẽt indigne

338 917 1416 129 qu il ne vouloit aucunement escouter

342 1012 1402 129 homme qui parlast pour luy impetrer

342 1120 1456 115 grace et sauluer la vie, iusques a ce que

342 1208 1388 132 cicero luy fist requerir que son plaisir

328 1313 1409 136 fust l escouter parler pour liguaire, et

345 1411 1446 122 qu il luy donneroit a entendre le cas qui

338 1513 1450 115 estoit autre qu il ne pensoit. ce que cesar

345 1615 1415 111 accorda en disant a ceulx qui estoient

342 1699 1442 142 a l entour de luy, il est arreste une foys

345 1804 1382 125 pour toutes et ferme en mon opinion

348 1912 1314 105 que liguaire mourra quelque chose

348 1990 1365 132 que cicero saiche dire ne alleguer ou

348 2095 1467 122 interceder pour luy. mais cela n empesche

345 2180 1453 135 point que ie ne loye voluntiers parler

345 2282 1385 132 pour luy satisfaire. ce fait se mist

342 2366 1486 139 en sa chaize pour ouyr l oraison de cicero,

335 2475 1473 118 delibere de luy prester l oreille seulement,

348 2580 1382 125 sans pour ce se condescendre a aucun

338 2681 1389 112 pardon ou grace faire a liguaire, et

345 2772 1415 105 tenoit en sa main quelques memoires

348 2861 1477 128 ou requestes qu on luy auoit presentez.

348 2965 1399 122 quant cicero fut ung peu auant entre

355 3060 1439 173 en son oraison, il usa de si grãde facunde

2380 94 78 102 21
