2657 4070
403 440 1385 133 grans seigneurs et magnanimes ne

397 539 1459 142 consiste pas seulement en donner grans

397 641 1459 142 dons et de grosse estimation et valeur

400 752 1408 123 proportionnez et accomodez a la

400 830 1347 119 qualite condition et merite des

400 925 1432 133 donataires par hault et magnificque

407 1034 1374 119 vouloir des dormans, mais aussi

403 1122 1375 143 en acceptant par les dictz seigneurs

410 1227 1320 133 par une prompte humanite et

397 1319 1408 139 benignite courtoise dons et presens

407 1434 1415 122 de petite estime, faictz par discretion

403 1526 1371 108 et oportunite par leurs subiectz et

410 1617 1357 143 seruiteurs en supportant l affection

386 1722 1409 116 de ceulx qui offrent humblement et

400 1817 1347 139 franchement selon leur pouoir et

407 1933 1394 122 faculte. Et tantost me confiant de

403 2014 1446 115 l humanite tres accessible et regard doulx

400 2113 1374 135 et begnin que i auoye apperceu et note

407 2218 1405 129 en vous, me deliberay de faire essay tel

403 2306 1368 125 et semblable enuers vous que les

407 2418 1401 125 corinthiens peuple de grece firent iadis

407 2503 1364 115 enuers alexandre. Lesquelz ou temps

410 2604 1391 105 qu le dit roy auoit ia conquis la plus

407 2696 1350 136 grant part de l asie deca le fleuue de

407 2798 1371 115 ganges, voyans que tous empires et

403 2889 1371 139 dominations s enclinoient a la societe

407 2991 1415 136 et confederation de luy conspirans et

410 3096 1374 180 soy adonnans auec la faueur de

2365 105 118 135 3
