2645 4048
371 408 1413 141 pays dessus nommez a la monnoye de

371 509 1349 128 maintenant. Qui donques veult

371 603 1359 142 scauoir au vray les choses dignes de

367 705 1404 128 memoire du temps passe pour le plaisir

367 816 1316 111 qu on peult prandre a le scauoir, et

367 907 1373 121 l amendement qui en peult venir a ceulx

354 995 1457 131 qui ont besoing de l entendre, il fault qu il

364 1116 1373 108 scaiche ces deux langues pour les causes

360 1187 1309 131 dessus dictes et autres qu on pourroit

360 1285 1424 141 adiouster. combien que les faicts des

360 1393 1448 125 romains sont auiourdhuy autãt congneuz

350 1491 1471 118 par les liures grecs que par les latins, car

354 1598 1471 115 les grecs ont este fort diligens et ĩdustrieux

357 1676 1468 135 en histoire. entre lesquelz pour les histoires

350 1771 1485 141 romaines et grecques est le prĩcipal plutarque

357 1872 1377 138 qui estoit domesticque de traian le bon

354 1973 1450 128 empereur. mais il est auiourdhuy bien peu

360 2081 1431 115 de gens qui soient fort bons latins et

354 2169 1427 128 tres peu qui soient bons grecs, combien

354 2266 1410 132 que beaucoup de gens s en meslent, et la

357 2361 1363 128 cause est la grande difficulte et grant

347 2452 1474 142 labeur et grant nombre de liures en toutes

350 2553 1441 145 sciences qui fault lire et entendre pour

357 2658 1417 128 auoir congnoissance suffisante a escripre

364 2749 1481 128 esdictes deux langues ornemẽt et elegammẽt.

347 2840 1444 128 Or pour poursuyure le propos de ce liure

364 2955 1420 107 et tirer auant en la matiere encommencee

367 3046 1434 168 cy dessus, i estime qu il est tout notoire et

2398 91 64 108 10
