2589 4081
323 425 1333 136 le passaige parlant de marcel c est

333 527 1442 136 assauoir de la mort du filz d octauia

333 642 1364 112 la dicte dame prenoit grant plaisir a

336 731 1460 139 escouter et regarder virgile qui pronõcoit

326 840 1378 122 par ung merueilleux artifice tant De

336 925 1453 132 voix que de visaige ce qu il auoit compose,

340 1033 1347 123 et la bonne prononciation est autant

333 1129 1422 119 comme l ame et l esperit de l oraison ainsi

347 1214 1401 132 que disent les anciens orateurs. mais

333 1309 1398 149 elle ne scauoit pas que virgile parlait

330 1424 1442 130 de marcel, car il n estoit nomme iusques

343 1506 1443 133 a la fin du passaige. quant ce vingt que

333 1611 1422 130 virgile nomma marcel a lors la bonne

326 1703 1497 130 dame pour le regret de son filz sesuanouyt

340 1802 1350 143 et tumba toute pasmee, par quoy il

347 1914 1469 126 appert ce que i ay dit deuant que les fẽmes

347 1999 1374 136 entendoient a lors la langue latine.

353 2098 1412 132 Quant elle fut reuenue et quelle eut

343 2186 1443 133 reprins son cueur, elle defendit a virgile

340 2298 1354 116 de passer oultre, car elle ne l eust sceu

340 2383 1401 130 plus endurer. mais commanda que

347 2479 1432 132 pour chascun metre et ligne qu il auoit

343 2577 1436 140 escript de son filz, qu on luy donnast dix

353 2690 1460 108 mil petitz sesterces, qui vauldroient au

340 2778 1452 133 iourduy deux cens cinquante escuz. or y

353 2887 1422 112 en auoit il vingt et deux, par quoy la

340 2975 1425 133 somme estoit grosse et au dessus de cinq

343 3060 1477 174 mil escuz. Toutes ces choses dessus dictes

2310 108 115 113 20

1888 1833 670 204 merveilleuse fust
