2605 4069
345 434 1412 145 ainsi que cicero et autres ont escript

345 532 1401 149 apres sa mort. ⁋Anciennement

345 647 1486 129 en france on faisoit grãt cas d eloquẽce

345 739 1459 122 comme on treuue en histoire, et a ceste

342 840 1391 133 cause iuuenal le satyicque qui fut

332 939 1486 115 du tẽps de domicien le douziesme cesar,

345 1027 1432 132 appelle france la gaule facunde, et y

339 1125 1448 146 auoit a lyon sur le rosne tous les ans

342 1224 1425 139 pris qui se mectoient pour ceulx qui

339 1329 1065 112 mieulx auroient compose.

349 1424 1377 129 ⁋Eloquence est une science qui

339 1522 1377 132 peult honnestement haultement et

342 1607 1448 149 suffisamment parler de toutes choses,

345 1708 1483 133 c est assauoir des petites choses prõptemẽt

356 1807 1462 129 et subtilement, des moyẽnes doulcemẽt

352 1898 1452 150 et grauement, des grandes haultem̃t

356 2010 1370 129 et magnificquement et en maniere

352 2109 1384 132 que les escoutans s en esmerueillent.

308 2193 1415 146 A ceste cause est il necessaire a ung

356 2295 1455 139 orateur acomply qu il ait congnoissãce

352 2387 1367 139 de toutes les sciences et memoire de

349 2485 1452 142 toutes antiquitez et histoires, et qu il

352 2587 1462 139 ai encores auec ce la grace de stile par

362 2709 1483 112 nature, et inuention a commandemẽt,

359 2780 1452 132 et discretion et prudence pour entendre

359 2892 1333 119 a qui il parle, et pour garder les

352 2977 1401 122 circunstances de temps, de lieux, de

356 3085 1482 180 personnes, de qualite, et de quantite.

2360 101 95 105 22
