2628 4074
336 454 1354 123 traian qui ont este princes de memoire

336 529 1385 133 tres recommendable.¶de l'excellence

336 638 1416 122 et estimation de sapience tous les liures en

336 743 1290 115 sont plains tant des gentilz que des

342 824 1365 146 hebreieux et crestiens. mais le singulier

336 930 1297 129 tesmoingnaige est de salomon qui au

342 1021 1382 133 troisiesme chapitre de ses paraboles selon

342 1137 1416 119 l'interpretation grecque dit que sapience est

346 1222 1399 149 si precieuse que toutes choses de pris et qui

336 1324 1446 146 se peuent souhaiter ne sont à comparer à elle.

342 1422 1420 126 car en sa dextre elle tient longueur de vie et

339 1520 1355 123 le nombre des ans de l'homme, et en sa

336 1609 1341 129 senestre elle tient richesse et gloire. par la

336 1704 1409 136 dextre qui est le membre principal i entens

342 1802 1447 136 qu'elle a puissance de donner vie eternelle, et

342 1897 1426 136 par la senestre i entens la vie temporelle et

339 1996 1392 132 les biens transitoires qui sont de moindre

349 2098 1433 132 estimation. par quoy nous pouons conclure

356 2196 1426 132 que par sapience spirituelle on a intelligence

346 2291 1429 136 des biens eternelz et de la vie qui est à venir.

349 2390 1409 139 par sapience mondaine on acquiert opulẽce

356 2481 1334 139 et renommée glorieuse, qui est la fin à

356 2576 1396 133 laquelle ont tendu tous les grans roys et

359 2685 1426 119 empereurs conquerans ou temps passé, et

349 2780 1447 119 à laquelle encores auiourdhuy tendent toutes

356 2875 1412 132 les fantasies et les artifices et labeurs des

353 2963 1382 126 hommes, sciences et inuentions subtiles

319 3055 1466 173 du mon, quant est de la premiere fin qui

2363 81 95 119 11
