2605 4080
309 411 1432 150 d en faire sa volunte. ⁋L on trouue

346 523 1483 133 en escript auctenticque que virgile auoit

346 629 1442 136 vaillant cent foys sesterce, qui est a dire

343 724 1387 126 a la maniere de compter lors cent foys

353 822 1391 130 cent mil petitz sesterces. laquelle sõme

350 914 1462 133 reduicte a vr̃e monnoye vault deux cens

346 1020 1391 122 cinquante mil escuz couronne. Et ne

343 1115 1479 139 se fault esmerueiller de ceste somme, car

346 1217 1432 136 elle est petite au regard des richesses des

353 1319 1401 122 romains de ce temps la, ainsi comme

350 1414 1462 129 i ay clerement monstre par les personnes

357 1519 1387 113 particulieres de rome et par le reuenu

357 1621 1373 116 publicque et autrement. De virgile

343 1706 1449 133 seruie recite que iamais auguste ne le

357 1795 1421 129 refusa de chose qui luy demandast. et

353 1897 1415 132 aussi auoit il autres bienfaicteurs c est

353 1995 1374 133 assauoir niecenas ⁊ autres princes

357 2097 1435 119 romains qui aymoient et auancoyent

353 2186 1391 129 les gens scauans et de lettre, au moyen

336 2288 1507 136 de quoy le nom de mecenas est auiourduy

357 2397 1448 115 aussi grant que le nom de l ung des plus

357 2485 1421 116 renommez empereurs de rome, combien

357 2573 1513 130 qu il ne fust que l ung des princes subiectz

353 2665 1425 126 a auguste, car tousiours depuys luy

357 2760 1493 130 on a appelle mecenates les grãs seigneurs

357 2866 1520 139 et gros personnaiges qui ont porte faueur

353 2964 1456 140 et secours aux gens scauans es bonnes

357 3056 1370 174 lettres, et dit on auiourduy que par

2380 85 71 142 19
