2616 4065
355 433 1335 146 ce fist il non pour l offre en soy qui

349 542 1355 132 estoit de nul estime comparee a sa

352 636 1362 136 grandeur, mais pour l affection des

349 731 1433 136 offrans, qui luy offroient promtemẽt

345 829 1434 129 et reueremment la chose qu ilz auoient

349 941 1379 109 plus chere. pareillement sire combien

355 1019 1424 142 qua i aye employe la fleur de mon aage

352 1117 1450 136 en l estude et excercice des bonnes lettres

342 1219 1386 136 et compose aucuns liures, si neuz ie

349 1317 1369 136 oncque vouloir de presenter liure a

349 1422 1413 122 roy ne autre prince iusques a present

352 1517 1410 125 que i ay este meu de vous presenter ce

355 1602 1424 135 petit liure apres que i ay eu assez note

345 1714 1393 122 en vous aucunes choses singulieres

342 1815 1413 132 et recommendables dont mention est

342 1917 1406 132 faicte en iceluy. Lequel liure n est de si

342 2022 1403 118 grande apparence comme il pourra

342 2107 1409 128 estre d estime si vous prenez quelque

352 2215 1386 122 foys vouloir de la mectre du nombre

325 2310 1409 122 de ceulx que vous auez en reputation

335 2398 1437 135 et que vous lisez et oyez diligemment

345 2496 1410 132 et intelligiblement, ainsi qu il est cler

349 2608 1443 118 et euident a ceulx qui uous oyẽt parler

318 2696 1423 132 d histoires et autres choses emanees de

342 2787 1382 136 literature s ilz ont iugement pour ce

338 2882 1413 136 faire. Non pas que ie pense le dit

338 2984 1457 129 liure estre a estimer pour mon industrie

338 3092 1413 153 d auoir mis en ordre le contenu en si

2338 91 115 149 4
