2300 3228
236 228 1916 140 marbre & de porphire, frontiſpices, & autres inuen-

236 336 1913 126 tions, qui ne pouuoient eſtre faites que par vn prodi¬

244 425 1905 131 gieux enchantement; le tout orné de quantité de Sta¬

234 527 1912 126 tuës portées ſur leurs piedeſtal, ſuiuant l'ordre de la bon¬

231 624 1915 139 ne Architecture, la Perſpectiue y fut ſi religieuſement

225 715 1921 145 obſeruée, qu’il ſembla à tous les plus clairvoyans ſpecta¬

228 828 1915 135 teurs que la ſale ſe fut allongnée de plus de cinquante

228 917 1913 134 toiſes, qui reſterent dans le deſeſpoir d’auoir eſté ſi

231 1024 1904 135 promptement & doucement trompez, lors qu’ils pre¬

223 1119 1912 142 noient plus de garde de ne l'eſtre point. Il fit ſortir apres

220 1218 1915 135 du milieu de la Scene la gracieuſe Laure pompeuſe¬

215 1320 1920 132 ment veſtuë à la mode de ſon temps, d’vn coſté, & Pe¬

217 1423 1910 121 trarque de l'autre, qui rauis de voir ce delicieux ſejour,

217 1517 1916 129 où jadis auec tant de quietude ils s’eſtoient communi¬

217 1614 1918 134 qué leurs mutueles flâmes, firent vne entrée du tout

215 1710 495 116 merueilleuſe.

309 1810 1816 137 Les Poëtes ſurpris d’vne adventure ſi ineſperée, rom¬

223 1917 1902 130 pirent leur ſilence, & vindrent rendre vn hommage ri¬

207 2009 1918 132 mé a ce Grand Fauory d’Apollon, croyans aſſeurement

204 2111 1918 135 que par contagion le ſouffle de ce merueilleux Poëte

209 2216 1913 135 leur pourroit inſpirer quelque portion de ſa Diuine.

204 2310 1915 135 Science. Cette entrée fut toute compoſée de figures

204 2410 1907 134 Poëtiques, à la fin prenans congé les vns des autres, Ar¬

220 2499 1899 147 gant reprit le chemin de ſa celule, Laure, & petrarque

201 2606 1913 135 des champs Eliſées, & les Poëtes partirent auſſi gelez

204 2703 767 124 que le Mont Caucaſe.

295 2797 1816 140 Deux vieux Rabins de Pancienne Sinagogne de Car¬

196 2899 1915 135 pentras, reuenans d’vne Nopce, & ſe treuuans recreus

190 2993 1919 154 de la chaleur, furent chercher du rafraichiſſement à la

750 88 1116 156 Les diuers Entretiens

236 123 127 105 12
