2270 3236
205 188 1932 127 entrée ſirent voir vne ſi profonde melancolie, qu’il ſem¬

202 293 1933 116 bla que la ſin du Balet deuoit eſtre celle de leur vie. il

199 396 1936 116 s’acheua pourtant, car la rouge Fourriere du iour diſſi¬

205 496 1930 113 pant les moites clartez de la Lune, s’apreſtoit à faire

207 598 1925 116 Voir les ſiennes, & donner la chaſſe à ces Lunatiques,

213 698 1460 119 qui ſuiuirent cet Aſtre qui les predomine.

210 841 1922 135 Icy la Lune ſe perdit, auec les Estoile, et du coſté de l'Orient

269 951 1809 116 quelques ranons d’vne clarté moderée ſe firent voir ſur

305 1051 1738 116 l’Oriſon, donnans à la Scene autant de lumiere que la

358 1156 1639 133 pointe du iour en peut fournir, & faire plus claire¬

696 1251 961 145 ment diſcerner ſa decoration.

383 1394 1746 126 'Aurore ayant depuis long temps donné le rende¬

205 1391 172 232 L

375 1469 1751 151 vous à Cephale dans la grotte de la Fontaine de¬

210 1601 1914 114 Vaucluſe,pour gouſter dans cette fraicheur des felicitez

197 1696 1927 121 innocentes, aprehendant la venuë du Soleil, qui n’arreſte

194 1798 1927 119 iamais dans ſa courſe, fit auec luy ſon entrée, auec des

215 1903 1906 116 pas maieſtueux, & des mouuemens qui exprimoient

202 1995 1916 121 naïfuement la paſſion qu’elle a pour ce beau Chaſſeur,

199 2100 1917 119 & le deſplaiſir de le quiter; apres donques les mutuels

194 2200 1919 121 témoignages d’vn reciproque contentement, elle s’en

194 2300 1911 108 alla, portée ſur vne nuée, annoncer dans le Ciel la ve¬

194 2397 1908 121 nuë du grand Aſtre du iour, & laiſſa cet Amant affligé

194 2499 1911 108 en des tenebres inconſolables, tandis qu’elle alloit éclai¬

188 2602 646 97 rer tout l'Vniuers.

291 2693 1811 125 Ouatre Fées, Gardiennes ordinaires de la Fontaine,

188 2799 1917 113 tirans des premiers ravons de l’Aurore les infaillibles

188 2896 1911 124 conjectures de la beauté du jour, & preuoyans aſſeure¬

186 2993 1911 137 ment que quantité de Curieux s’y viendroient diuertir,

207 80 68 135 6

626 56 1128 127 Les diuers Entretiens
