<?xml version="1.0" encoding="UTF-8"?>
<alto xmlns:xsi="http://www.w3.org/2001/XMLSchema-instance"
      xmlns="http://www.loc.gov/standards/alto/ns-v4#"
      xsi:schemaLocation="http://www.loc.gov/standards/alto/ns-v4# http://www.loc.gov/standards/alto/v4/alto-4-2.xsd">
  <Description>
    <MeasurementUnit>pixel</MeasurementUnit>
    <sourceImageInformation>
      <fileName>bpt6k1513919s_f17.tif</fileName>
      
    </sourceImageInformation>
  </Description>
  
  <Tags>
    <OtherTag ID="BT2346" LABEL="QuireMarksZone" DESCRIPTION="block type QuireMarksZone"/><OtherTag ID="BT2345" LABEL="RunningTitleZone" DESCRIPTION="block type RunningTitleZone"/><OtherTag ID="BT2330" LABEL="TitlePageZone" DESCRIPTION="block type TitlePageZone"/><OtherTag ID="BT2329" LABEL="TableZone" DESCRIPTION="block type TableZone"/><OtherTag ID="BT2328" LABEL="StampZone" DESCRIPTION="block type StampZone"/><OtherTag ID="BT2327" LABEL="MainZone" DESCRIPTION="block type MainZone"/><OtherTag ID="BT2326" LABEL="DamageZone" DESCRIPTION="block type DamageZone"/><OtherTag ID="BT2325" LABEL="NumberingZone" DESCRIPTION="block type NumberingZone"/><OtherTag ID="BT2324" LABEL="GraphicZone" DESCRIPTION="block type GraphicZone"/><OtherTag ID="BT2323" LABEL="DropCapitalZone" DESCRIPTION="block type DropCapitalZone"/>
    <OtherTag ID="LT819" LABEL="InterlinearLine" DESCRIPTION="line type InterlinearLine"/><OtherTag ID="LT818" LABEL="HeadingLine" DESCRIPTION="line type HeadingLine"/><OtherTag ID="LT817" LABEL="DefaultLine" DESCRIPTION="line type DefaultLine"/><OtherTag ID="LT816" LABEL="DropCapitalLine" DESCRIPTION="line type DropCapitalLine"/>
  </Tags>
  
  <Layout>
    <Page WIDTH="2262"
          HEIGHT="3209"
          PHYSICAL_IMG_NR="14"
          ID="eSc_dummypage_">
      <PrintSpace HPOS="0"
                  VPOS="0"
                  WIDTH="2262"
                  HEIGHT="3209">
        
        <TextBlock HPOS="326"
                   VPOS="58"
                   WIDTH="1466"
                   HEIGHT="157"
                   ID="eSc_textblock_92e749a6"
                   TAGREFS="BT2345">
          <Shape><Polygon POINTS="326 58 326 215 1792 215 1792 58"/></Shape>
          
          
          <TextLine ID="line_1"
                    TAGREFS="LT817"
                    BASELINE="329 205 1760 192" 
                    HPOS="318"
                    VPOS="69"
                    WIDTH="1440"
                    HEIGHT="158">
            <Shape><Polygon POINTS="326 203 318 114 374 85 374 85 374 85 377 85 377 85 377 85 380 85 380 85 382 85 382 85 382 85 433 112 465 112 495 85 495 85 497 85 497 85 497 85 500 85 500 85 500 85 503 85 503 85 505 85 505 85 505 85 508 85 508 85 538 106 570 106 602 77 602 77 604 77 604 77 604 77 607 77 607 77 610 77 685 77 685 77 685 77 687 77 687 77 687 77 690 77 690 77 725 106 982 106 1006 88 1009 88 1009 88 1009 88 1011 88 1011 88 1011 88 1014 88 1014 88 1089 98 1124 74 1126 74 1126 74 1126 74 1129 74 1129 74 1132 74 1132 74 1132 74 1196 88 1231 72 1231 72 1231 72 1234 72 1234 72 1236 72 1383 72 1383 72 1383 72 1386 72 1386 72 1386 72 1437 101 1440 101 1445 101 1499 85 1501 85 1501 85 1504 85 1504 85 1504 85 1507 85 1507 85 1531 96 1563 69 1563 69 1566 69 1566 69 1566 69 1568 69 1568 69 1571 69 1571 69 1574 69 1574 69 1651 98 1654 98 1657 98 1710 69 1710 69 1710 69 1713 69 1713 69 1715 69 1715 69 1715 69 1718 69 1718 69 1718 69 1721 69 1758 96 1758 189 1758 200 326 227"/></Shape>
	    <String CONTENT="de la Fontaine de Vaucluſe."
                    HPOS="318"
                    VPOS="69"
                    WIDTH="1440"
                    HEIGHT="158"></String>
          </TextLine>

          
        </TextBlock>
        
        <TextBlock HPOS="1926"
                   VPOS="68"
                   WIDTH="123"
                   HEIGHT="151"
                   ID="eSc_textblock_fea68573"
                   TAGREFS="BT2325">
          <Shape><Polygon POINTS="1926 68 1926 215 2049 219 2049 68"/></Shape>
          
          
          <TextLine ID="eSc_line_6280ad6a"
                    TAGREFS="LT817"
                    BASELINE="1930 194 1934 194 1959 194 2018 194" 
                    HPOS="1927"
                    VPOS="93"
                    WIDTH="88"
                    HEIGHT="112">
            <Shape><Polygon POINTS="1927 192 1927 93 2015 104 2015 192 2015 205 1927 205"/></Shape>
	    <String CONTENT="11"
                    HPOS="1927"
                    VPOS="93"
                    WIDTH="88"
                    HEIGHT="112"></String>
          </TextLine>

          
        </TextBlock>
        
        <TextBlock HPOS="117"
                   VPOS="219"
                   WIDTH="2005"
                   HEIGHT="2933"
                   ID="block_0"
                   TAGREFS="BT2327">
          <Shape><Polygon POINTS="2122 3013 2101 3067 1955 3071 1894 3076 1748 3073 1686 3070 1520 3074 1493 3136 214 3152 182 3120 117 267 297 224 300 219 2049 219"/></Shape>
          
          
          <TextLine ID="line_2"
                    TAGREFS="LT817"
                    BASELINE="123 334 538 315 2023 294" 
                    HPOS="120"
                    VPOS="205"
                    WIDTH="1903"
                    HEIGHT="137">
            <Shape><Polygon POINTS="123 334 120 256 275 256 278 254 299 232 299 229 299 229 302 229 302 229 302 229 305 229 305 229 305 229 307 229 307 229 374 240 441 227 441 227 441 227 444 227 444 227 444 227 447 227 513 248 516 248 516 248 596 224 599 224 599 224 599 224 602 224 602 224 602 224 682 243 765 221 768 221 768 221 770 221 1218 238 1239 238 1239 238 1287 213 1287 213 1287 213 1290 213 1290 213 1290 213 1474 211 1477 211 1477 211 1480 211 1480 211 1536 232 1576 208 1579 208 1579 208 1582 208 1582 208 1582 208 1584 208 1809 227 1868 205 1868 205 1871 205 1871 205 1873 205 1873 205 1873 205 1876 205 1876 205 1919 227 2018 227 2023 294 2023 312 123 342"/></Shape>
	    <String CONTENT="lons ſe diſpoſerent à faire vne entrée. Ce fut vn diuer¬"
                    HPOS="120"
                    VPOS="205"
                    WIDTH="1903"
                    HEIGHT="137"></String>
          </TextLine>

          
          
          <TextLine ID="line_3"
                    TAGREFS="LT817"
                    BASELINE="120 430 2021 390" 
                    HPOS="112"
                    VPOS="302"
                    WIDTH="1909"
                    HEIGHT="144">
            <Shape><Polygon POINTS="120 430 112 358 206 336 206 336 206 336 208 336 208 336 208 336 211 336 211 336 248 352 398 331 398 331 401 331 401 331 471 342 487 328 487 328 489 328 489 328 492 328 492 328 492 328 495 328 637 339 653 326 653 326 655 326 655 326 655 326 658 326 658 326 658 326 661 326 661 326 730 336 795 323 795 323 795 323 797 323 797 323 797 323 800 323 800 323 800 323 827 336 928 320 928 320 931 320 931 320 931 320 934 320 934 320 934 320 936 320 936 320 955 339 1006 339 1017 339 1017 336 1062 318 1062 318 1065 318 1065 318 1065 318 1068 318 1068 318 1070 318 1070 318 1121 336 1126 336 1137 334 1255 312 1255 312 1255 312 1258 312 1258 312 1260 312 1260 312 1260 312 1263 312 1290 331 1292 331 1469 331 1477 328 1574 307 1574 307 1574 307 1576 307 1576 307 1579 307 1579 307 1622 326 1627 326 1748 326 1753 323 1785 302 1788 302 1788 302 1790 302 1790 302 1790 302 1793 302 1793 302 1793 302 1796 302 1796 302 1836 320 1839 320 2013 318 2021 390 2021 414 1662 422 1659 422 1659 422 1657 422 1657 422 1657 422 1654 422 1654 422 1654 422 1635 409 1461 425 1383 430 1381 430 1381 430 1338 425 1260 417 1242 427 1234 433 1231 433 1231 433 1228 433 1228 433 1228 433 1226 433 1226 433 1191 427 1135 419 1070 430 1035 435 1035 435 1033 435 1033 435 982 430 910 425 894 433 878 441 878 441 878 441 875 441 875 441 872 441 872 441 816 433 762 427 749 435 736 443 733 443 733 443 730 443 730 443 730 446 120 446"/></Shape>
	    <String CONTENT="fiſſement ſans égal, dans le mélange de leurs figures,"
                    HPOS="112"
                    VPOS="302"
                    WIDTH="1909"
                    HEIGHT="144"></String>
          </TextLine>

          
          
          <TextLine ID="line_4"
                    TAGREFS="LT817"
                    BASELINE="123 529 2023 486" 
                    HPOS="117"
                    VPOS="395"
                    WIDTH="1912"
                    HEIGHT="147">
            <Shape><Polygon POINTS="123 529 117 459 224 438 224 438 224 438 227 438 227 438 315 451 334 454 348 451 398 433 401 433 401 433 401 433 588 427 591 427 591 427 594 427 642 441 663 446 679 438 706 427 706 427 709 427 709 427 709 427 712 427 712 427 712 427 714 427 714 427 714 427 733 438 741 441 762 435 827 422 827 422 827 422 829 422 829 422 891 433 942 441 955 430 969 419 969 419 971 419 971 419 974 419 974 419 974 419 1065 417 1068 417 1068 417 1070 417 1070 417 1092 425 1118 435 1215 422 1234 419 1234 419 1236 419 1236 419 1252 419 1357 430 1405 414 1416 411 1418 411 1418 411 1418 411 1421 411 1421 411 1424 411 1434 414 1485 427 1525 411 1536 406 1536 406 1539 406 1539 406 1539 406 1541 406 1541 406 1541 406 1544 406 1557 409 1606 425 1731 409 1731 409 1734 409 1734 409 1734 409 1737 409 1737 409 1737 409 1764 422 1895 422 2015 395 2023 486 2029 492 2013 508 2013 510 2013 510 2010 510 2010 510 2010 510 2007 510 2007 510 2007 510 123 542"/></Shape>
	    <String CONTENT="auec quels ſoins étudiez ils éuitoient de ſe toucher, crai¬"
                    HPOS="117"
                    VPOS="395"
                    WIDTH="1912"
                    HEIGHT="147"></String>
          </TextLine>

          
          
          <TextLine ID="line_5"
                    TAGREFS="LT817"
                    BASELINE="133 620 2026 588" 
                    HPOS="131"
                    VPOS="510"
                    WIDTH="1895"
                    HEIGHT="131">
            <Shape><Polygon POINTS="133 620 131 550 283 550 299 545 345 529 345 529 348 529 348 529 350 529 350 529 353 529 412 545 430 548 476 542 564 532 564 532 567 532 567 532 567 532 570 532 570 532 591 540 602 545 618 540 669 524 671 524 671 524 671 524 674 524 674 524 674 524 736 537 754 542 760 537 776 524 776 521 776 521 778 521 778 521 778 521 781 521 781 521 781 521 784 521 784 521 875 534 907 540 1070 540 1084 532 1108 516 1110 516 1110 516 1113 516 1113 516 1113 516 1116 516 1116 516 1218 529 1223 529 1223 529 1244 513 1247 513 1247 513 1247 513 1250 513 1250 513 1252 513 1252 513 1252 513 1327 526 1327 526 1330 526 1402 510 1402 510 1402 510 1405 510 2021 516 2026 588 2026 609 133 641"/></Shape>
	    <String CONTENT="gnans les vns de ſe noircir, &amp; l’autre de ſe blanchir:"
                    HPOS="131"
                    VPOS="510"
                    WIDTH="1895"
                    HEIGHT="131"></String>
          </TextLine>

          
          
          <TextLine ID="line_6"
                    TAGREFS="LT817"
                    BASELINE="123 724 2031 684" 
                    HPOS="120"
                    VPOS="599"
                    WIDTH="1911"
                    HEIGHT="141">
            <Shape><Polygon POINTS="123 724 120 647 203 655 283 644 348 633 348 633 350 633 350 633 350 633 353 633 353 633 353 633 356 633 366 641 380 649 455 641 497 636 497 636 500 636 500 636 522 639 562 647 586 639 621 625 621 625 623 625 623 625 626 625 626 625 626 625 629 625 629 625 661 636 679 644 1118 639 1161 631 1260 612 1260 612 1260 612 1263 612 1263 612 1351 625 1381 631 1392 625 1426 609 1426 609 1426 609 1429 609 1429 609 1432 609 1432 609 1432 609 1434 609 1434 609 1437 609 1458 623 1509 607 1512 607 1512 607 1512 607 1742 604 1745 604 1745 604 1748 604 1748 604 1748 604 1750 604 1750 604 1766 617 1790 601 1793 601 1793 601 1796 601 1796 601 1796 601 1798 601 1798 601 1892 615 1930 599 1930 599 1930 599 1932 599 1932 599 1935 599 1935 599 1935 599 2026 617 2031 684 2029 703 123 740"/></Shape>
	    <String CONTENT="la cadance y fut neantmoins tellement obſeruée, &amp; les"
                    HPOS="120"
                    VPOS="599"
                    WIDTH="1911"
                    HEIGHT="141"></String>
          </TextLine>

          
          
          <TextLine ID="line_7"
                    TAGREFS="LT817"
                    BASELINE="131 823 2031 783" 
                    HPOS="125"
                    VPOS="692"
                    WIDTH="1906"
                    HEIGHT="155">
            <Shape><Polygon POINTS="131 823 125 754 380 724 380 724 382 724 382 724 505 743 760 716 760 716 762 716 762 716 883 735 987 716 987 716 987 716 990 716 990 716 1100 730 1135 708 1137 708 1137 708 1140 708 1140 708 1140 708 1143 708 1143 708 1143 708 1145 708 1145 708 1183 724 1295 705 1295 705 1298 705 1298 705 1445 722 1493 703 1493 703 1496 703 1496 703 1499 703 1905 708 1959 692 1962 692 1962 692 1962 692 1964 692 1964 692 1964 692 1967 692 2029 714 2031 783 2031 799 1525 804 1461 815 1394 823 1394 823 1392 823 1392 823 1354 818 1303 810 1041 812 1025 826 1019 831 1019 831 1017 831 1017 831 1017 831 1014 831 1014 831 1014 831 867 834 864 834 803 831 637 823 527 839 495 842 495 842 492 842 447 839 259 831 131 847"/></Shape>
	    <String CONTENT="pas ſi bien meſurez, qu’on ſe laiſſa perſuader que c’e¬"
                    HPOS="125"
                    VPOS="692"
                    WIDTH="1906"
                    HEIGHT="155"></String>
          </TextLine>

          
          
          <TextLine ID="line_8"
                    TAGREFS="LT817"
                    BASELINE="125 922 2031 885" 
                    HPOS="115"
                    VPOS="802"
                    WIDTH="1916"
                    HEIGHT="144">
            <Shape><Polygon POINTS="125 922 115 853 163 834 163 834 165 834 165 834 168 834 168 834 168 834 171 834 171 834 206 850 214 853 369 853 377 847 414 828 414 828 414 828 417 828 417 828 417 828 420 828 420 828 508 845 527 847 530 845 554 826 554 826 556 826 556 826 556 826 559 826 559 826 562 826 562 826 562 826 634 839 666 823 666 823 666 823 669 823 669 823 669 823 800 820 803 820 803 820 805 820 867 839 875 839 1196 837 1218 831 1343 810 1343 810 1346 810 1346 810 1346 810 1349 810 1349 810 1349 810 1386 828 1389 831 1474 831 1483 826 1517 807 1517 807 1517 807 1520 807 1520 807 1520 807 1523 807 1523 807 1525 807 1525 807 1576 826 1579 826 1582 826 1614 804 1616 804 1616 804 1616 804 1619 804 1619 804 1622 804 1622 804 1721 815 1750 802 1750 802 1750 802 1753 802 1753 802 1756 802 1756 802 1756 802 1758 802 1758 802 1804 820 1806 820 1903 820 1903 818 1927 802 1930 802 1930 802 1930 802 1932 802 1932 802 1932 802 1935 802 1935 802 2026 818 2031 885 2029 898 1938 898 1935 898 1895 917 1895 917 1892 917 1892 917 1892 917 1889 917 1657 903 1624 903 1611 906 1523 922 1523 922 1520 922 1239 914 1185 930 1183 930 1183 930 1183 930 1180 930 1180 930 1180 930 1105 914 1102 914 1100 914 1081 930 1081 933 1081 933 1078 933 1078 933 1076 933 1076 933 1076 933 1073 933 1073 933 958 917 942 917 923 919 768 938 768 938 765 938 765 938 677 925 666 925 535 925 530 927 487 943 487 943 484 943 484 943 484 943 481 943 481 943 479 943 479 943 479 943 476 943 452 927 449 927 380 927 380 930 361 946 361 946 361 946 358 946 358 946 356 946 356 946 356 946 353 946 123 933"/></Shape>
	    <String CONTENT="ſtoient des Caualiers errans pour tromper ainſi agrea¬"
                    HPOS="115"
                    VPOS="802"
                    WIDTH="1916"
                    HEIGHT="144"></String>
          </TextLine>

          
          
          <TextLine ID="line_0"
                    TAGREFS="LT817"
                    BASELINE="133 1021 864 1005" 
                    HPOS="125"
                    VPOS="919"
                    WIDTH="739"
                    HEIGHT="110">
            <Shape><Polygon POINTS="133 1021 125 943 203 930 203 930 206 930 206 930 206 930 208 930 208 930 211 930 211 930 211 933 222 941 232 949 262 941 286 935 289 935 289 935 291 935 291 935 323 941 361 946 390 938 447 925 449 925 449 925 452 925 452 925 452 925 455 925 455 925 455 925 457 925 457 925 473 938 481 943 511 938 607 919 607 919 607 919 610 919 859 935 864 1005 864 1018 133 1029"/></Shape>
	    <String CONTENT="blement les aſſiſtans."
                    HPOS="125"
                    VPOS="919"
                    WIDTH="739"
                    HEIGHT="110"></String>
          </TextLine>

          
          
          <TextLine ID="line_9"
                    TAGREFS="LT817"
                    BASELINE="227 1115 2042 1080" 
                    HPOS="216"
                    VPOS="989"
                    WIDTH="1826"
                    HEIGHT="144">
            <Shape><Polygon POINTS="227 1115 216 1042 256 1018 259 1018 259 1018 262 1018 262 1018 262 1018 372 1016 374 1016 374 1016 377 1016 441 1034 516 1013 519 1013 519 1013 519 1013 522 1013 522 1013 645 1032 760 1010 760 1010 760 1010 762 1010 1068 1024 1148 1002 1151 1002 1151 1002 1153 1002 1153 1002 1309 1018 1365 1000 1367 1000 1367 1000 1367 1000 1515 994 1517 994 1582 994 1582 994 1582 994 1584 994 1584 994 1584 994 1587 994 1587 994 1611 1013 1774 994 1774 994 1777 994 1777 994 1876 1008 1924 989 1924 989 1927 989 1927 989 1927 989 1930 989 1930 989 2037 1008 2042 1080 2042 1096 1207 1104 1164 1109 1046 1123 1046 1123 1044 1123 845 1115 813 1115 792 1115 645 1131 642 1131 642 1131 543 1120 540 1120 538 1120 484 1133 481 1133 481 1133 479 1133 224 1123"/></Shape>
	    <String CONTENT="Deux poëtes Drilleux, aſſez mal ſatisfaits des eaux"
                    HPOS="216"
                    VPOS="989"
                    WIDTH="1826"
                    HEIGHT="144"></String>
          </TextLine>

          
          
          <TextLine ID="line_10"
                    TAGREFS="LT817"
                    BASELINE="139 1219 2047 1176" 
                    HPOS="133"
                    VPOS="1085"
                    WIDTH="1914"
                    HEIGHT="145">
            <Shape><Polygon POINTS="139 1219 133 1131 350 1139 382 1125 396 1120 396 1120 398 1120 398 1120 398 1120 401 1120 401 1120 404 1120 404 1120 404 1120 406 1120 406 1120 412 1125 428 1136 586 1136 613 1123 637 1112 637 1112 639 1112 639 1112 642 1112 642 1112 725 1120 800 1128 856 1117 920 1107 920 1107 923 1107 923 1107 923 1107 971 1117 1001 1123 1027 1115 1076 1101 1078 1101 1078 1101 1078 1101 1357 1096 1359 1096 1488 1109 1528 1112 1533 1107 1552 1093 1552 1091 1552 1091 1555 1091 1555 1091 1557 1091 1557 1091 1557 1091 1560 1091 1560 1091 1678 1107 1694 1107 1702 1104 1753 1088 1756 1088 1756 1088 1756 1088 1758 1088 1758 1088 1758 1088 1761 1088 1761 1088 1761 1088 1764 1088 1764 1088 1780 1104 1868 1104 1895 1104 1895 1101 1938 1085 1938 1085 1940 1085 1940 1085 1940 1085 1943 1085 1943 1085 1946 1085 1946 1085 1946 1085 1948 1085 1948 1085 1967 1101 1970 1101 2039 1101 2047 1176 2047 1184 1448 1214 1445 1214 1445 1214 1343 1203 1338 1203 1322 1203 1038 1222 1038 1222 139 1230"/></Shape>
	    <String CONTENT="d’Hypocrene, &amp; de l’aſſiſtance ſi peu fauorable des"
                    HPOS="133"
                    VPOS="1085"
                    WIDTH="1914"
                    HEIGHT="145"></String>
          </TextLine>

          
          
          <TextLine ID="line_11"
                    TAGREFS="LT817"
                    BASELINE="136 1318 2047 1272" 
                    HPOS="128"
                    VPOS="1184"
                    WIDTH="1919"
                    HEIGHT="145">
            <Shape><Polygon POINTS="136 1318 128 1235 294 1224 297 1224 297 1224 297 1224 299 1224 299 1224 302 1224 302 1224 310 1232 329 1246 393 1246 412 1230 420 1222 420 1222 422 1222 422 1222 422 1222 425 1222 425 1222 425 1222 428 1222 428 1222 430 1222 430 1222 452 1230 476 1238 489 1230 503 1219 505 1219 505 1219 505 1219 508 1219 508 1219 508 1219 607 1216 610 1216 610 1216 610 1216 613 1216 642 1227 674 1238 685 1227 698 1216 698 1214 698 1214 701 1214 701 1214 704 1214 704 1214 704 1214 805 1211 808 1211 880 1211 880 1211 880 1211 883 1211 883 1211 883 1211 886 1211 904 1224 918 1230 1140 1230 1159 1219 1201 1203 1201 1203 1204 1203 1204 1203 1204 1203 1207 1203 1207 1203 1209 1203 1209 1203 1209 1203 1242 1219 1255 1224 1392 1222 1400 1216 1418 1203 1421 1203 1421 1203 1421 1203 1424 1203 1424 1203 1426 1203 1426 1203 1426 1203 1429 1203 1429 1203 1429 1203 1432 1203 1450 1216 1458 1219 1587 1219 1590 1214 1608 1198 1608 1195 1608 1195 1611 1195 1611 1195 1611 1195 1614 1195 1614 1195 1616 1195 1616 1195 1748 1211 1750 1211 1750 1211 1801 1192 1801 1192 1804 1192 1804 1192 1980 1184 1983 1184 1983 1184 1986 1184 1986 1184 2045 1208 2047 1272 2045 1283 1820 1304 1820 1304 1817 1304 1635 1296 1600 1310 1600 1310 1598 1310 1598 1310 1598 1310 1595 1310 1402 1299 1373 1299 1341 1302 1145 1321 1145 1321 1143 1321 1143 1321 1054 1307 1044 1307 1035 1307 990 1323 987 1323 987 1323 987 1323 985 1323 985 1323 982 1323 982 1323 982 1323 955 1310 952 1310 947 1310 880 1326 880 1326 880 1326 136 1329"/></Shape>
	    <String CONTENT="Muſes, abordent la Fontaine, ſur cette croyance qu’elle"
                    HPOS="128"
                    VPOS="1184"
                    WIDTH="1919"
                    HEIGHT="145"></String>
          </TextLine>

          
          
          <TextLine ID="line_12"
                    TAGREFS="LT817"
                    BASELINE="141 1419 2055 1371" 
                    HPOS="133"
                    VPOS="1288"
                    WIDTH="1922"
                    HEIGHT="150">
            <Shape><Polygon POINTS="141 1419 133 1337 243 1329 246 1329 246 1329 246 1329 248 1329 248 1329 262 1334 286 1342 390 1331 487 1321 487 1321 489 1321 489 1321 492 1321 492 1321 511 1329 540 1339 570 1329 594 1318 594 1318 596 1318 596 1318 599 1318 599 1318 599 1318 645 1326 661 1329 666 1326 687 1315 687 1315 687 1315 690 1315 690 1315 693 1315 693 1315 693 1315 738 1323 776 1331 915 1331 926 1321 931 1315 931 1315 934 1315 934 1315 934 1315 936 1315 936 1315 936 1315 939 1315 939 1315 985 1321 1038 1326 1049 1318 1057 1310 1057 1310 1060 1310 1060 1310 1060 1310 1062 1310 1062 1310 1062 1310 1065 1310 1185 1315 1188 1315 1188 1315 1223 1302 1223 1302 1226 1302 1226 1302 1228 1302 1228 1302 1228 1302 1287 1315 1306 1318 1317 1313 1351 1299 1351 1299 1354 1299 1354 1299 1354 1299 1357 1299 1357 1299 1359 1299 1359 1299 1397 1313 1400 1313 1416 1313 1619 1291 1619 1291 1622 1291 1622 1291 1624 1291 1678 1307 1689 1310 1694 1307 1718 1288 1721 1288 1721 1288 1721 1288 1723 1288 1723 1288 1726 1288 1726 1288 1726 1288 1729 1288 1729 1288 1729 1288 1761 1304 1766 1307 2047 1302 2055 1371 2055 1382 1841 1403 1839 1403 1456 1401 1311 1401 1276 1406 1204 1419 1204 1419 1201 1419 1003 1414 886 1411 832 1419 762 1430 762 1430 760 1430 760 1430 760 1430 757 1430 730 1422 712 1417 141 1438"/></Shape>
	    <String CONTENT="ſçaura échaufer leur vaine iuſques alors ſi glacée; portez"
                    HPOS="133"
                    VPOS="1288"
                    WIDTH="1922"
                    HEIGHT="150"></String>
          </TextLine>

          
          
          <TextLine ID="line_13"
                    TAGREFS="LT817"
                    BASELINE="144 1518 2053 1468" 
                    HPOS="136"
                    VPOS="1390"
                    WIDTH="1917"
                    HEIGHT="150">
            <Shape><Polygon POINTS="144 1518 136 1452 331 1419 331 1419 428 1417 430 1417 430 1417 433 1417 513 1438 524 1441 580 1441 586 1436 626 1411 629 1411 629 1411 631 1411 631 1411 631 1411 859 1409 861 1409 861 1409 864 1409 918 1428 934 1430 1001 1430 1006 1422 1030 1403 1030 1403 1033 1403 1033 1403 1033 1403 1035 1403 1035 1403 1038 1403 1038 1403 1038 1403 1041 1403 1041 1403 1041 1403 1073 1422 1081 1425 1092 1422 1129 1406 1129 1406 1132 1406 1132 1406 1132 1406 1135 1406 1135 1406 1201 1417 1231 1422 1242 1417 1271 1398 1274 1398 1274 1398 1276 1398 1276 1398 1276 1398 1279 1398 1279 1398 1282 1398 1282 1398 1282 1398 1314 1414 1322 1419 1330 1414 1357 1393 1357 1393 1359 1393 1359 1393 1362 1393 1362 1393 1362 1393 1434 1390 1437 1390 1437 1390 1437 1390 1440 1390 1499 1409 1520 1414 1563 1406 1651 1390 1651 1390 1654 1390 1654 1390 1654 1390 1657 1390 1657 1390 1683 1403 1699 1409 2045 1393 2053 1468 2053 1486 1549 1508 1547 1508 1547 1508 1491 1500 1466 1497 1461 1500 1453 1508 1453 1510 1453 1510 1450 1510 1450 1510 1450 1510 1448 1510 1448 1510 1448 1510 1445 1510 1445 1510 1389 1502 1349 1497 1268 1505 1145 1518 1145 1518 1143 1518 1035 1510 990 1508 977 1510 947 1524 947 1524 944 1524 944 1524 944 1524 942 1524 813 1516 768 1513 712 1518 546 1534 546 1534 543 1534 543 1534 540 1534 540 1534 505 1521 500 1521 471 1524 305 1540 305 1540 302 1540 141 1529"/></Shape>
	    <String CONTENT="auſſi de la curioſité de voir par les Magiques coniura¬"
                    HPOS="136"
                    VPOS="1390"
                    WIDTH="1917"
                    HEIGHT="150"></String>
          </TextLine>

          
          
          <TextLine ID="line_14"
                    TAGREFS="LT817"
                    BASELINE="147 1617 2061 1569" 
                    HPOS="139"
                    VPOS="1481"
                    WIDTH="1922"
                    HEIGHT="160">
            <Shape><Polygon POINTS="147 1617 139 1548 329 1545 337 1542 422 1521 422 1521 422 1521 425 1521 425 1521 425 1521 428 1521 428 1521 455 1532 476 1518 479 1518 479 1518 481 1518 481 1518 481 1518 484 1518 629 1526 655 1513 655 1513 655 1513 658 1513 658 1513 658 1513 661 1513 661 1513 663 1513 663 1513 709 1529 824 1510 824 1510 827 1510 827 1510 827 1510 829 1510 829 1510 869 1529 872 1529 966 1529 969 1526 990 1508 990 1505 990 1505 993 1505 993 1505 995 1505 995 1505 995 1505 998 1505 998 1505 1001 1505 1073 1524 1076 1524 1076 1524 1100 1502 1100 1502 1102 1502 1102 1502 1102 1502 1105 1502 1105 1502 1105 1502 1108 1502 1108 1502 1110 1502 1177 1521 1177 1521 1177 1521 1199 1502 1199 1500 1199 1500 1201 1500 1201 1500 1201 1500 1204 1500 1204 1500 1204 1500 1298 1497 1300 1497 1300 1497 1300 1497 1378 1516 1383 1516 1772 1508 1772 1505 1836 1484 1836 1484 1839 1484 1839 1484 1841 1484 1841 1484 1951 1494 1994 1481 1996 1481 1996 1481 1996 1481 1999 1481 1999 1481 1999 1481 2002 1481 2058 1500 2061 1569 2061 1580 1865 1583 1860 1585 1812 1601 1809 1601 1809 1601 1809 1601 1806 1601 1590 1593 1584 1593 1582 1593 1531 1609 1528 1609 1528 1609 1528 1609 1525 1609 1335 1599 1319 1599 1311 1599 1209 1617 1209 1617 1209 1617 1207 1617 1009 1607 1001 1607 998 1607 974 1623 971 1623 971 1623 971 1623 969 1623 969 1623 966 1623 966 1623 966 1623 899 1612 781 1628 781 1628 778 1628 471 1620 465 1620 460 1620 251 1641 251 1641 248 1641 248 1641 144 1625"/></Shape>
	    <String CONTENT="tions du Grand Argan, le diuin Petrarque, &amp; ſa belle"
                    HPOS="139"
                    VPOS="1481"
                    WIDTH="1922"
                    HEIGHT="160"></String>
          </TextLine>

          
          
          <TextLine ID="line_15"
                    TAGREFS="LT817"
                    BASELINE="147 1719 2069 1668" 
                    HPOS="144"
                    VPOS="1580"
                    WIDTH="1925"
                    HEIGHT="160">
            <Shape><Polygon POINTS="147 1719 144 1631 248 1647 650 1639 674 1623 682 1615 685 1615 685 1615 685 1615 687 1615 687 1615 687 1615 690 1615 690 1615 738 1620 813 1631 837 1620 859 1609 859 1609 861 1609 861 1609 861 1609 963 1607 966 1607 1068 1615 1151 1623 1234 1612 1367 1596 1367 1596 1370 1596 1520 1609 1568 1612 1590 1607 1667 1588 1670 1588 1670 1588 1673 1588 1673 1588 1673 1588 1758 1604 1769 1607 1774 1604 1817 1585 1817 1585 1820 1585 1820 1585 1820 1585 1972 1580 1975 1580 1975 1580 1975 1580 2063 1601 2069 1668 2069 1676 147 1740"/></Shape>
	    <String CONTENT="Laure; apres les admirations ordinaires de tous les"
                    HPOS="144"
                    VPOS="1580"
                    WIDTH="1925"
                    HEIGHT="160"></String>
          </TextLine>

          
          
          <TextLine ID="line_16"
                    TAGREFS="LT817"
                    BASELINE="155 1818 1603 1775 2069 1770" 
                    HPOS="141"
                    VPOS="1684"
                    WIDTH="1928"
                    HEIGHT="145">
            <Shape><Polygon POINTS="155 1818 141 1748 171 1730 174 1730 174 1730 174 1730 176 1730 176 1730 179 1730 179 1730 297 1743 318 1746 329 1743 369 1730 372 1730 372 1730 372 1730 374 1730 484 1738 516 1740 522 1738 540 1722 540 1722 543 1722 543 1722 543 1722 546 1722 546 1722 548 1722 548 1722 647 1732 669 1735 677 1732 722 1714 722 1714 725 1714 725 1714 728 1714 728 1714 728 1714 800 1730 821 1732 1009 1730 1033 1722 1105 1703 1108 1703 1108 1703 1110 1703 1110 1703 1113 1703 1169 1719 1188 1722 1215 1716 1300 1698 1300 1698 1300 1698 1303 1698 1437 1711 1488 1714 1501 1708 1517 1700 1517 1700 1517 1700 1520 1700 1520 1700 1523 1700 1523 1700 1523 1700 1555 1706 1582 1711 1592 1706 1622 1690 1622 1690 1622 1690 1624 1690 1624 1690 1624 1690 1627 1690 1627 1690 1627 1690 1686 1703 1705 1706 1723 1700 1777 1684 1780 1684 1780 1684 1782 1684 1881 1684 1881 1684 1881 1684 1884 1684 1884 1684 1884 1684 1887 1684 1887 1684 1900 1695 1905 1700 2061 1692 2069 1770 2069 1780 155 1829"/></Shape>
	    <String CONTENT="Curieux, &amp; qu’ils eurent acheué leur entrée, laſſez, &amp;"
                    HPOS="141"
                    VPOS="1684"
                    WIDTH="1928"
                    HEIGHT="145"></String>
          </TextLine>

          
          
          <TextLine ID="line_17"
                    TAGREFS="LT817"
                    BASELINE="155 1917 2066 1863" 
                    HPOS="144"
                    VPOS="1775"
                    WIDTH="1922"
                    HEIGHT="161">
            <Shape><Polygon POINTS="155 1917 144 1853 179 1826 179 1826 182 1826 182 1826 182 1826 184 1826 184 1826 187 1826 187 1826 187 1826 190 1826 190 1826 240 1847 262 1826 262 1823 262 1823 265 1823 265 1823 265 1823 267 1823 267 1823 270 1823 270 1823 270 1823 273 1823 342 1845 770 1834 837 1807 837 1807 840 1807 840 1807 843 1807 1100 1823 1164 1799 1164 1799 1167 1799 1167 1799 1169 1799 1169 1799 1169 1799 1172 1799 1172 1799 1175 1799 1175 1799 1201 1821 1292 1794 1295 1794 1295 1794 1295 1794 1448 1791 1450 1791 1450 1791 1453 1791 1453 1791 1453 1791 1456 1791 1472 1802 1488 1789 1488 1789 1491 1789 1491 1789 1491 1789 1493 1789 1493 1789 1496 1789 1595 1789 1595 1789 1595 1789 1598 1789 1598 1789 1640 1807 1675 1786 1678 1786 1678 1786 1678 1786 1681 1786 1681 1786 1683 1786 1683 1786 1774 1794 1967 1775 1967 1775 1970 1775 1970 1775 1972 1775 2063 1799 2066 1863 2066 1877 1169 1914 1167 1914 1167 1914 1167 1914 1164 1914 1164 1914 1161 1914 1143 1904 1140 1901 1135 1904 1108 1914 1108 1914 1105 1914 1105 1914 1105 1914 1102 1914 963 1906 926 1906 920 1909 902 1922 899 1922 899 1922 899 1922 896 1922 896 1922 896 1922 894 1922 894 1922 891 1922 891 1922 861 1909 856 1909 824 1912 631 1930 629 1930 629 1930 629 1930 626 1930 586 1917 583 1917 578 1917 538 1933 538 1933 535 1933 535 1933 532 1933 532 1933 532 1933 530 1933 484 1920 481 1920 479 1920 444 1936 444 1936 441 1936 441 1936 441 1936 439 1936 152 1928"/></Shape>
	    <String CONTENT="du long voyage, &amp; de leur danſe, ils s’allerent deſalte¬"
                    HPOS="144"
                    VPOS="1775"
                    WIDTH="1922"
                    HEIGHT="161"></String>
          </TextLine>

          
          
          <TextLine ID="line_18"
                    TAGREFS="LT817"
                    BASELINE="157 2016 1584 1976" 
                    HPOS="152"
                    VPOS="1893"
                    WIDTH="1432"
                    HEIGHT="134">
            <Shape><Polygon POINTS="157 2016 152 1952 240 1952 246 1946 283 1928 283 1928 283 1928 286 1928 286 1928 286 1928 289 1928 289 1928 291 1928 350 1944 366 1930 366 1930 369 1930 369 1930 369 1930 372 1930 372 1930 374 1930 374 1930 374 1930 377 1930 377 1930 409 1944 409 1944 409 1944 436 1925 439 1925 439 1925 439 1925 441 1925 441 1925 444 1925 444 1925 444 1925 447 1925 447 1925 449 1925 476 1941 479 1941 621 1941 629 1936 687 1917 690 1917 690 1917 690 1917 693 1917 693 1917 693 1917 770 1933 773 1933 773 1933 813 1912 813 1912 813 1912 816 1912 816 1912 819 1912 880 1912 880 1912 880 1912 883 1912 883 1912 883 1912 886 1912 886 1912 907 1930 910 1930 920 1928 1022 1912 1022 1912 1025 1912 1025 1912 1025 1912 1027 1912 1076 1925 1076 1925 1078 1925 1097 1906 1097 1904 1097 1904 1100 1904 1100 1904 1100 1904 1102 1904 1102 1904 1105 1904 1105 1904 1271 1920 1287 1920 1290 1920 1314 1898 1314 1898 1317 1898 1317 1898 1317 1898 1319 1898 1319 1898 1319 1898 1322 1898 1322 1898 1434 1914 1440 1914 1442 1914 1496 1893 1496 1893 1499 1893 1499 1893 1501 1893 1501 1893 1501 1893 1504 1893 1504 1893 1504 1893 1507 1893 1507 1893 1507 1895 1525 1912 1525 1912 1576 1912 1584 1976 1582 1989 157 2027"/></Shape>
	    <String CONTENT="rer dans cette viue ſource, &amp; s’y repoſer."
                    HPOS="152"
                    VPOS="1893"
                    WIDTH="1432"
                    HEIGHT="134"></String>
          </TextLine>

          
          
          <TextLine ID="line_19"
                    TAGREFS="LT817"
                    BASELINE="254 2112 2077 2064" 
                    HPOS="240"
                    VPOS="1973"
                    WIDTH="1837"
                    HEIGHT="158">
            <Shape><Polygon POINTS="254 2112 240 2037 248 2024 248 2024 251 2024 251 2024 251 2021 251 2021 254 2021 254 2021 254 2021 256 2021 256 2021 259 2021 259 2021 369 2035 396 2037 406 2035 455 2013 455 2013 457 2013 457 2013 457 2013 460 2013 460 2013 546 2029 564 2032 958 2027 974 2016 1011 2000 1011 2000 1014 2000 1014 2000 1014 2000 1017 2000 1017 2000 1110 2013 1151 2018 1169 2010 1207 1994 1207 1994 1209 1994 1209 1994 1209 1994 1212 1994 1212 1994 1215 1994 1215 1994 1215 1994 1244 2010 1260 2016 1287 2008 1335 1994 1338 1994 1338 1994 1338 1994 1341 1994 1341 1994 1343 1994 1386 2005 1410 2010 1429 2005 1464 1989 1464 1989 1466 1989 1466 1989 1466 1989 1670 1981 1673 1981 1673 1981 1785 1994 1844 2000 1855 1992 1865 1984 1865 1981 1865 1981 1868 1981 1868 1981 1868 1981 1871 1981 1871 1981 1972 1973 1975 1973 1975 1973 2071 1986 2077 2064 2074 2080 1394 2088 1346 2096 1266 2109 1266 2109 1263 2109 1263 2109 1201 2101 1169 2096 1132 2101 1062 2115 1062 2115 1062 2115 1060 2115 1060 2115 993 2104 966 2101 963 2107 958 2112 955 2112 955 2115 955 2115 952 2115 952 2115 952 2115 950 2115 950 2115 950 2115 655 2125 653 2125 653 2125 653 2125 594 2115 580 2112 556 2115 439 2131 439 2131 436 2131 251 2120"/></Shape>
	    <String CONTENT="On vit vn moment apres ſortir vne flâme noire &amp;"
                    HPOS="240"
                    VPOS="1973"
                    WIDTH="1837"
                    HEIGHT="158"></String>
          </TextLine>

          
          
          <TextLine ID="line_20"
                    TAGREFS="LT817"
                    BASELINE="165 2216 2079 2158" 
                    HPOS="155"
                    VPOS="2069"
                    WIDTH="1924"
                    HEIGHT="158">
            <Shape><Polygon POINTS="165 2216 155 2133 184 2123 187 2123 187 2123 187 2123 190 2123 190 2123 192 2123 192 2123 214 2131 243 2142 286 2131 329 2117 331 2117 331 2117 334 2117 334 2117 425 2125 455 2128 489 2125 594 2109 594 2109 596 2109 596 2109 596 2109 645 2120 677 2128 696 2120 722 2107 722 2107 725 2107 725 2107 725 2107 728 2107 853 2115 936 2120 950 2112 971 2099 974 2099 974 2099 974 2099 977 2099 977 2099 979 2099 979 2099 979 2099 982 2099 982 2099 1011 2112 1027 2117 1054 2109 1110 2093 1113 2093 1113 2093 1113 2093 1287 2088 1290 2088 1290 2088 1400 2101 1432 2104 1541 2101 1547 2099 1566 2083 1568 2083 1568 2083 1568 2083 1571 2083 1571 2083 1571 2083 1574 2083 1574 2083 1574 2083 1576 2083 1576 2083 1579 2083 1600 2096 1608 2099 1718 2099 1750 2093 1897 2069 1897 2069 1900 2069 1900 2069 2074 2085 2079 2158 2079 2168 165 2227"/></Shape>
	    <String CONTENT="énaiſſe, ſuiuie de tonerres &amp; d’éclairs, de cete Maiſon"
                    HPOS="155"
                    VPOS="2069"
                    WIDTH="1924"
                    HEIGHT="158"></String>
          </TextLine>

          
          
          <TextLine ID="line_21"
                    TAGREFS="LT817"
                    BASELINE="168 2315 2079 2254" 
                    HPOS="165"
                    VPOS="2168"
                    WIDTH="1914"
                    HEIGHT="177">
            <Shape><Polygon POINTS="168 2315 165 2230 211 2243 238 2227 240 2224 243 2224 243 2224 246 2224 246 2224 246 2224 342 2222 345 2222 345 2222 345 2222 348 2222 356 2224 412 2243 476 2222 492 2216 495 2216 495 2216 495 2216 497 2216 497 2216 500 2216 500 2216 511 2219 554 2238 658 2238 722 2214 744 2208 746 2208 746 2208 746 2208 864 2206 867 2206 867 2206 869 2206 869 2206 869 2206 872 2206 878 2211 907 2227 1110 2222 1148 2203 1172 2195 1172 2195 1175 2195 1175 2195 1175 2195 1408 2190 1410 2190 1410 2190 1413 2190 1413 2190 1432 2198 1458 2208 1477 2195 1493 2184 1496 2184 1496 2184 1496 2184 1499 2184 1499 2184 1501 2184 1501 2184 1501 2184 1504 2184 1536 2195 1574 2206 1761 2200 1790 2187 1828 2174 1828 2174 1831 2174 1831 2174 1833 2174 1833 2174 1833 2174 1836 2174 1836 2174 1868 2187 1892 2195 1954 2195 1970 2184 1991 2168 1994 2168 1994 2168 1994 2168 1996 2168 1996 2168 1996 2168 1999 2168 1999 2168 2074 2182 2079 2254 2077 2267 1745 2294 1742 2294 1742 2294 1742 2294 1739 2294 1705 2283 1691 2281 1662 2286 1579 2299 1579 2299 1576 2299 1576 2299 1576 2299 1528 2291 1499 2286 1464 2294 1413 2305 1413 2305 1413 2305 1410 2305 1410 2305 1410 2305 1375 2297 1351 2291 1341 2299 1333 2307 1333 2307 1330 2307 1330 2307 1330 2307 1327 2307 1327 2307 1327 2307 1242 2310 1239 2310 1172 2305 1097 2299 1086 2307 1081 2313 1081 2315 1081 2315 1078 2315 1078 2315 1078 2315 1076 2315 1076 2315 1073 2315 990 2313 853 2307 645 2326 583 2331 583 2331 580 2331 580 2331 580 2331 567 2329 516 2318 275 2323 168 2345"/></Shape>
	    <String CONTENT="ruinée. Argant parût incontinent ſur la porte, la teſte"
                    HPOS="165"
                    VPOS="2168"
                    WIDTH="1914"
                    HEIGHT="177"></String>
          </TextLine>

          
          
          <TextLine ID="line_22"
                    TAGREFS="LT817"
                    BASELINE="174 2417 2085 2353" 
                    HPOS="168"
                    VPOS="2265"
                    WIDTH="1917"
                    HEIGHT="173">
            <Shape><Polygon POINTS="174 2417 168 2337 256 2342 273 2331 283 2323 283 2323 286 2323 286 2323 289 2323 289 2323 289 2323 484 2315 487 2315 487 2315 564 2323 642 2334 674 2321 701 2310 701 2310 704 2310 704 2310 704 2310 706 2310 706 2310 765 2318 813 2326 1276 2315 1295 2305 1317 2294 1317 2294 1317 2294 1319 2294 1319 2294 1322 2294 1322 2294 1322 2294 1325 2294 1325 2294 1343 2302 1362 2310 1389 2302 1437 2286 1440 2286 1440 2286 1440 2286 1442 2286 1442 2286 1445 2286 1445 2286 1477 2299 1491 2305 1496 2299 1515 2283 1515 2281 1515 2281 1517 2281 1517 2281 1517 2281 1520 2281 1520 2281 1523 2281 1523 2281 1635 2294 1678 2299 1721 2291 1839 2270 1839 2270 1841 2270 1841 2270 1841 2270 1844 2270 1903 2286 1916 2291 1932 2286 1996 2265 1999 2265 1999 2265 1999 2265 2002 2265 2002 2265 2002 2265 2079 2283 2085 2353 2079 2380 2029 2366 2010 2382 2010 2382 2007 2382 2007 2382 2007 2382 2007 2382 2005 2382 2005 2382 2002 2382 1988 2382 1780 2374 1764 2388 1764 2388 1764 2390 1764 2390 1761 2390 1761 2390 1761 2390 1758 2390 1758 2390 1756 2390 1756 2390 1737 2390 1646 2380 1616 2393 1608 2396 1608 2396 1606 2396 1606 2396 1606 2396 1603 2396 1603 2396 1603 2396 1587 2393 1531 2382 1400 2385 1378 2398 1370 2404 1367 2404 1367 2404 1365 2404 1365 2404 1365 2404 808 2412 420 2417 398 2422 331 2438 331 2438 331 2438 329 2438 171 2428"/></Shape>
	    <String CONTENT="en feu, vn liure à la main, vne verge de l’autre. Il a ſçeu"
                    HPOS="168"
                    VPOS="2265"
                    WIDTH="1917"
                    HEIGHT="173"></String>
          </TextLine>

          
          
          <TextLine ID="line_23"
                    TAGREFS="LT817"
                    BASELINE="179 2516 2079 2454" 
                    HPOS="171"
                    VPOS="2369"
                    WIDTH="1908"
                    HEIGHT="174">
            <Shape><Polygon POINTS="179 2516 171 2446 331 2420 331 2420 334 2420 334 2420 334 2420 337 2420 385 2436 390 2438 393 2436 417 2414 417 2414 420 2414 420 2414 420 2414 422 2414 422 2414 425 2414 425 2414 425 2414 428 2414 487 2433 503 2436 717 2430 725 2422 749 2404 749 2404 752 2404 752 2404 754 2404 754 2404 754 2404 990 2398 993 2398 993 2398 995 2398 1035 2409 1060 2417 1073 2409 1094 2393 1097 2393 1097 2393 1097 2393 1100 2393 1100 2393 1102 2393 1102 2393 1185 2404 1244 2412 1309 2398 1375 2385 1375 2385 1375 2385 1378 2385 1378 2385 1381 2385 1381 2385 1381 2385 1383 2385 1383 2385 1397 2396 1413 2406 1525 2390 1619 2377 1619 2377 1622 2377 1622 2377 1622 2377 1624 2377 1624 2377 1624 2377 1627 2377 1638 2385 1646 2390 1665 2385 1697 2374 1699 2374 1699 2374 1699 2374 1702 2374 1702 2374 1705 2374 1705 2374 1705 2374 1721 2382 1742 2393 1782 2380 1790 2377 1793 2377 1793 2377 1793 2377 1796 2377 1796 2377 1798 2377 1798 2377 1798 2377 1801 2377 1801 2377 1801 2380 1822 2393 2069 2369 2079 2454 2077 2465 1994 2484 1994 2484 1994 2484 1991 2484 1991 2484 1991 2484 1935 2473 1922 2470 1905 2473 1831 2489 1831 2489 1831 2489 1828 2489 1828 2489 1825 2489 1782 2478 1769 2476 1718 2481 1574 2497 1574 2497 1571 2497 1571 2497 1568 2497 1568 2497 1568 2497 1549 2486 1539 2484 1504 2489 1445 2500 1445 2500 1442 2500 1442 2500 1389 2494 1338 2489 1314 2497 1292 2505 1292 2505 1290 2505 1290 2505 1287 2505 1196 2503 1116 2500 1060 2508 1003 2516 1003 2516 1001 2516 1001 2516 958 2513 894 2505 519 2529 471 2532 468 2532 455 2532 291 2524 179 2543"/></Shape>
	    <String CONTENT="par ſes Demons le deſir paſſionné de ces Poëtes, ce qui"
                    HPOS="171"
                    VPOS="2369"
                    WIDTH="1908"
                    HEIGHT="174"></String>
          </TextLine>

          
          
          <TextLine ID="line_24"
                    TAGREFS="LT817"
                    BASELINE="179 2618 2090 2551" 
                    HPOS="174"
                    VPOS="2462"
                    WIDTH="1916"
                    HEIGHT="180">
            <Shape><Polygon POINTS="179 2618 174 2535 385 2537 449 2535 463 2524 479 2511 479 2511 481 2511 481 2511 484 2511 484 2511 484 2511 631 2505 634 2505 634 2505 693 2516 722 2521 765 2513 861 2497 861 2497 864 2497 864 2497 864 2497 867 2497 867 2497 867 2497 869 2497 888 2511 904 2519 1006 2519 1025 2505 1046 2492 1049 2492 1049 2492 1052 2492 1052 2492 1052 2492 1188 2486 1191 2486 1191 2486 1191 2486 1244 2500 1274 2505 1392 2505 1448 2492 1549 2473 1549 2473 1549 2473 1552 2473 1552 2473 1555 2473 1555 2473 1584 2484 1683 2470 1683 2470 1686 2470 1686 2470 1686 2470 1689 2470 1689 2470 1721 2484 1737 2489 1756 2481 1788 2470 1788 2470 1790 2470 1790 2470 1793 2470 1793 2470 1852 2478 1887 2484 1988 2484 1996 2476 2007 2465 2007 2462 2007 2462 2010 2462 2010 2462 2010 2462 2013 2462 2013 2462 2013 2462 2015 2462 2015 2462 2082 2473 2090 2551 2090 2575 944 2599 492 2631 481 2631 479 2631 473 2631 219 2628 182 2642"/></Shape>
	    <String CONTENT="l’anime, pouſſé de ſon ordinaire vanité de leur faire voir"
                    HPOS="174"
                    VPOS="2462"
                    WIDTH="1916"
                    HEIGHT="180"></String>
          </TextLine>

          
          
          <TextLine ID="line_25"
                    TAGREFS="LT817"
                    BASELINE="187 2714 2088 2652" 
                    HPOS="182"
                    VPOS="2569"
                    WIDTH="1911"
                    HEIGHT="172">
            <Shape><Polygon POINTS="187 2714 182 2634 503 2634 548 2623 591 2612 594 2612 594 2612 596 2612 596 2612 599 2612 599 2612 623 2620 642 2628 655 2620 671 2609 674 2609 674 2609 674 2609 677 2609 677 2609 679 2609 679 2609 679 2609 730 2618 760 2623 773 2618 797 2607 797 2607 800 2607 800 2607 800 2607 1089 2596 1092 2596 1092 2596 1092 2596 1148 2607 1169 2612 1183 2607 1215 2593 1215 2593 1218 2593 1218 2593 1218 2593 1220 2593 1220 2593 1303 2604 1333 2607 1389 2601 1520 2588 1523 2588 1793 2591 1831 2591 1836 2591 1913 2569 1916 2569 1916 2569 1919 2569 1919 2569 2082 2585 2088 2652 2093 2663 2074 2679 2074 2679 2071 2679 2071 2679 2071 2679 2069 2679 2069 2679 2069 2679 2066 2679 2066 2679 2063 2679 2010 2666 2007 2666 1988 2666 1675 2692 1673 2692 1673 2692 1673 2692 1616 2682 1598 2679 1541 2684 1429 2698 1429 2698 1426 2698 1338 2692 1263 2690 1250 2698 1236 2706 1234 2706 1234 2706 1231 2706 1231 2706 1231 2706 1228 2706 1129 2703 1014 2698 961 2708 926 2716 926 2716 926 2716 923 2716 872 2714 781 2706 752 2719 749 2719 749 2719 746 2719 746 2719 746 2719 744 2719 712 2719 500 2716 366 2735 350 2735 350 2735 348 2735 348 2735 345 2735 342 2735 289 2722 187 2741"/></Shape>
	    <String CONTENT="par épreuue la force de ſes enchantemens; apres, donc,"
                    HPOS="182"
                    VPOS="2569"
                    WIDTH="1911"
                    HEIGHT="172"></String>
          </TextLine>

          
          
          <TextLine ID="line_26"
                    TAGREFS="LT817"
                    BASELINE="179 2813 2085 2746" 
                    HPOS="171"
                    VPOS="2676"
                    WIDTH="1914"
                    HEIGHT="150">
            <Shape><Polygon POINTS="179 2813 171 2732 310 2746 538 2722 564 2719 564 2719 567 2719 567 2719 570 2719 575 2719 626 2735 690 2735 706 2716 709 2716 709 2714 709 2714 712 2714 712 2714 712 2714 714 2714 714 2714 714 2714 717 2714 752 2714 912 2724 1212 2716 1242 2700 1255 2695 1255 2695 1255 2695 1258 2695 1258 2695 1260 2695 1260 2695 1300 2700 1370 2708 1429 2708 1445 2695 1456 2687 1456 2687 1458 2687 1458 2687 1461 2687 1461 2687 1464 2687 1464 2687 1533 2692 1614 2700 1691 2690 1769 2676 1769 2676 1772 2676 1772 2676 1847 2684 1905 2690 2077 2679 2085 2746 2085 2770 179 2826"/></Shape>
	    <String CONTENT="les inuocations &amp; les murmures acouſtumez, d’vn coup"
                    HPOS="171"
                    VPOS="2676"
                    WIDTH="1914"
                    HEIGHT="150"></String>
          </TextLine>

          
          
          <TextLine ID="line_27"
                    TAGREFS="LT817"
                    BASELINE="184 2912 2093 2845" 
                    HPOS="174"
                    VPOS="2765"
                    WIDTH="1919"
                    HEIGHT="165">
            <Shape><Polygon POINTS="184 2912 174 2847 211 2826 211 2826 211 2826 214 2826 214 2826 214 2826 216 2826 216 2826 216 2826 219 2826 262 2839 307 2823 307 2823 310 2823 310 2823 313 2823 313 2823 313 2823 315 2823 315 2823 315 2823 318 2823 318 2823 334 2837 473 2834 554 2834 559 2831 647 2807 650 2807 650 2807 653 2807 653 2807 653 2807 655 2807 704 2823 787 2802 789 2802 789 2802 792 2802 792 2802 910 2815 936 2818 1046 2815 1054 2810 1094 2791 1094 2791 1097 2791 1097 2791 1097 2791 1191 2789 1193 2789 1193 2789 1196 2789 1196 2789 1234 2802 1250 2807 1472 2802 1491 2791 1515 2778 1515 2778 1515 2778 1517 2778 1517 2778 1517 2778 1520 2778 1520 2778 1584 2786 1630 2794 1662 2783 1705 2770 1707 2770 1707 2770 1707 2770 1788 2767 1790 2767 1790 2767 1793 2767 1793 2767 1793 2767 1814 2778 1822 2783 1836 2775 1857 2765 1857 2765 1857 2765 1860 2765 1860 2765 1863 2765 2085 2767 2093 2845 2093 2864 1199 2888 1172 2893 1086 2906 1086 2906 1084 2906 1084 2906 1081 2906 1044 2898 1027 2893 1019 2898 1006 2909 1006 2912 1006 2912 1003 2912 1003 2912 1003 2912 1001 2912 1001 2912 998 2912 738 2909 489 2930 487 2930 487 2930 487 2930 425 2917 414 2914 401 2917 353 2930 350 2930 350 2930 348 2930 182 2922"/></Shape>
	    <String CONTENT="de ſa verge il fit changer entierement toute la Scene. On"
                    HPOS="174"
                    VPOS="2765"
                    WIDTH="1919"
                    HEIGHT="165"></String>
          </TextLine>

          
          
          <TextLine ID="line_28"
                    TAGREFS="LT817"
                    BASELINE="192 3013 2093 2936" 
                    HPOS="187"
                    VPOS="2856"
                    WIDTH="1906"
                    HEIGHT="173">
            <Shape><Polygon POINTS="192 3013 187 2928 642 2928 730 2909 776 2901 776 2901 778 2901 910 2904 1100 2906 1145 2896 1188 2885 1191 2885 1191 2885 1193 2885 1193 2885 1244 2893 1284 2898 1317 2890 1362 2877 1365 2877 1365 2877 1365 2877 1367 2877 1367 2877 1370 2877 1408 2888 1429 2893 1440 2885 1456 2874 1458 2874 1458 2874 1458 2874 1461 2874 1461 2874 1464 2874 1464 2874 1464 2874 1466 2874 1466 2874 1469 2874 1485 2885 1496 2890 1517 2882 1560 2869 1563 2869 1563 2869 1563 2869 1566 2869 1566 2869 1568 2869 1608 2880 1627 2885 1651 2880 1702 2864 1705 2864 1705 2864 1707 2864 1707 2864 1707 2864 1764 2874 1774 2877 1790 2874 1889 2856 1889 2856 1889 2856 1892 2856 1892 2856 1895 2856 1895 2856 1932 2869 1938 2872 2088 2866 2093 2936 2090 2965 1900 2960 1839 2976 1833 2976 1831 2976 1831 2976 192 3029"/></Shape>
	    <String CONTENT="vit alors vne ſtrucure merueilleuſe de diuers baſti-"
                    HPOS="187"
                    VPOS="2856"
                    WIDTH="1906"
                    HEIGHT="173"></String>
          </TextLine>

          
          
          <TextLine ID="line_29"
                    TAGREFS="LT817"
                    BASELINE="190 3112 658 3104 2096 3040" 
                    HPOS="182"
                    VPOS="2952"
                    WIDTH="1914"
                    HEIGHT="195">
            <Shape><Polygon POINTS="190 3112 182 3032 281 3045 358 3027 377 3021 380 3021 380 3021 382 3021 382 3021 382 3021 385 3021 385 3021 385 3021 390 3024 420 3040 538 3037 594 3019 621 3011 623 3011 623 3011 623 3011 626 3011 626 3011 629 3011 629 3011 629 3011 642 3016 669 3029 875 3024 888 3011 888 3008 888 3008 888 3008 891 3008 891 3008 891 3008 894 3008 894 3008 896 3008 896 3008 896 3008 899 3008 899 3008 899 3008 902 3008 920 3019 971 3008 1025 2995 1025 2995 1025 2995 1027 2995 1027 2995 1027 2995 1030 2995 1030 2995 1030 2995 1033 2995 1046 3005 1054 3011 1081 3003 1135 2989 1137 2989 1137 2989 1140 2989 1140 2989 1140 2989 1143 2989 1143 2989 1169 3000 1188 3008 1260 3008 1343 2995 1517 2973 1517 2973 1520 2973 1520 2973 1600 2987 1614 2989 1619 2987 1648 2973 1648 2973 1648 2973 1651 2973 1651 2973 1863 2960 1865 2960 1865 2960 1865 2960 1868 2960 1919 2976 2031 2952 2031 2952 2031 2952 2034 2952 2034 2952 2037 2952 2037 2952 2090 2973 2096 3040 2088 3080 2069 3061 1983 3059 1889 3083 1887 3083 1887 3083 1884 3083 1884 3083 1884 3083 1796 3067 1739 3091 1721 3099 1721 3099 1718 3099 1718 3099 1718 3099 1715 3099 1715 3099 1713 3099 1713 3099 1713 3099 1710 3099 1702 3091 1683 3080 1651 3091 1648 3091 1648 3091 1648 3091 1646 3091 1646 3091 1557 3077 1474 3099 1437 3110 1434 3110 1434 3110 1434 3110 1432 3110 1432 3110 1429 3110 1400 3102 1354 3091 971 3102 934 3118 891 3134 891 3134 888 3134 888 3134 508 3147 505 3147 505 3147 503 3147 452 3134 420 3126 406 3136 404 3139 404 3139 401 3139 401 3139 401 3139 398 3139 398 3139 398 3139 396 3139 396 3139 377 3136 329 3128 190 3142"/></Shape>
	    <String CONTENT="mens, ce ne furent que Palais enrichis de Colomnes de"
                    HPOS="182"
                    VPOS="2952"
                    WIDTH="1914"
                    HEIGHT="195"></String>
          </TextLine>

          
        </TextBlock>
        
        <TextBlock HPOS="1555"
                   VPOS="3086"
                   WIDTH="97"
                   HEIGHT="76"
                   ID="eSc_textblock_7b1955f3"
                   TAGREFS="BT2346">
          <Shape><Polygon POINTS="1555 3086 1555 3162 1652 3162 1652 3086"/></Shape>
          
          
          <TextLine ID="eSc_line_21a597ac"
                    TAGREFS="LT817"
                    BASELINE="1574 3155 1621 3154" 
                    HPOS="1568"
                    VPOS="3075"
                    WIDTH="51"
                    HEIGHT="115">
            <Shape><Polygon POINTS="1571 3152 1571 3075 1619 3077 1619 3152 1616 3190 1568 3187"/></Shape>
	    <String CONTENT="c"
                    HPOS="1568"
                    VPOS="3075"
                    WIDTH="51"
                    HEIGHT="115"></String>
          </TextLine>

          
        </TextBlock>
        

        
      </PrintSpace>
    </Page>
  </Layout>
</alto>
