2275 3236
275 51 129 140 16

677 43 1144 151 Les diuers Entretiens.

367 218 1740 170 MONSIEVR DE CASTELLANE,

1192 334 106 146 &

340 423 1791 167 MONSIEVR DE MONTSALLIER,

607 542 1252 134 Repreſentans les deux Bohemiens.

469 657 1082 138 ARE la cœurs, gare les corps.

445 776 1360 124 Nous pillons tout, par amour, ou par ruſe,

288 876 1644 135 Cinq ſols qu’il ſoit dedans, cinq ſols qu’il ſoit dehors

453 970 942 132 C’eſt à quoy Melite s’amuſe,

453 1078 958 116 Lors qu'elle vient s’entretenir,

445 1167 1295 132 Sur ce que le deſtin luy garde à l’aduenir.

253 1364 1080 124 Tandis qu’on luy parle d'Amour,

256 1472 1177 119 L’autre plus fin luy dérobe ſa bource,

248 1564 1554 140 Si bien qu'en méme temps, & dans vn méme iour,

437 1682 861 105 Sans eſperance de reſource,

434 1779 1104 119 Sans craindre Preuoſt, ny Sergent,

245 1866 1479 140 Nous volons à la fois ſon cœur, & ſon argent,

415 2014 1592 127 LES MESMES AVX DAMES.

420 2173 1633 129 ANS ce lieu de Vaucluſe, où la nuit nous conuie,

429 2275 1265 119 Nous uenons partager nôtre riche butin,

232 2370 1093 129 Mais par vn mal- heureux deſtin,

229 2467 1004 111 L'on vient de nous rauir la vie.

321 2572 1443 119 Belles dans vos apas, ſi traistres, & ſi doux,

229 2664 1519 129 Uous eſtes ſans mentir plus Bohemes que nous ?

218 2766 1390 124 Si pour un petit vol nôtre troupe l'on blâme,

223 2869 1374 121 Que ne doit decerner la Juſtice en courroux,

240 2966 1595 156 Contre les chers Voleurs, & du corps, & de l'ame.

267 765 167 130 G

242 2284 162 116 D
