2262 3209
69 640 1912 116 LES DIVERS ENTRETIENS

511 730 1004 125 de la Fontaine de Vaucluſe,

505 978 1478 131 A Sale où à eſté dansé le Balet eſt de

511 1077 1475 121 dix-ſept toiſes de longueur, & ſept de lar¬

522 1176 1461 126 geur ou enuirõ, à l’vn des bouts eſtoit eſte¬

519 1275 1472 118 ué vn Theatre de cinq pieds & demy de

74 964 426 488 L

524 1374 1470 126 hauteur, ſur le deuant & au fonds de huit

93 1470 1898 145 pieds pour luy donner la pente, il auoit ſept toiſes de lar¬

96 1575 1900 136 geur, & autant de profondeur: ſon frontiſpice eſtoit

88 1676 1906 123 orné de deux colomnes de chaque coſté, auec ſes baſes,

82 1778 1914 120 chapiteaux, friſes, & corniches d’ordre Dorique: vne

104 1871 1887 142 grande toile où Vaucluſe eſtoit peinte, & ſa fon¬

85 1976 1917 131 taine dans vn eſloignement, s’eſtendoit ſur le deuant

91 2075 1905 136 depuis la corniche iuſques à terre, de peur que les ſpecta¬

85 2182 1617 125 teurs ne viſſent rien iuſques au temps ordonné.

176 2275 1826 131 Au meſme temps qu’on voulut donner commence¬

93 2371 1914 132 ment au Balet & que les haubois en eurent donné le

99 2481 1906 112 ſigne, la toile s’abatit; on vit lors vne nuit qui couuroit

96 2569 1914 123 toute la Scene, vn grand Ciel tout couuert d’eſtoiles ſi

101 2666 1904 136 brillantes qu’elles fourniſſoient aſſez de clarté pour diſ¬

101 2770 1909 131 cerner ſa decoration ; à ſa main gauche ce n’eſtoient

101 2885 1912 107 que rochers couuerts d’arbres, d’animaux, & de ruiſſeaux

99 2973 1916 145 coulans des croupes en bas; à ſa main droite on voyoit

1900 77 56 107 I

1450 3075 209 120 A
