2262 3209
109 197 1912 131 Fontaine: le ſon des violons les ſurprit, & ſembla qu’ils

109 294 1912 133 euſſent reçeu de la vertu de cette eau, ce que la Fontaine

104 398 1925 128 de louuance communiquoit jadis à ceux qui s’y alloient

107 492 1919 117 deſalterer. Ils firent vne entrée à l'antique, auſſi bouffone

107 588 1919 136 qu’on la ſçauroit eſperer de ces Vieillards; mais dans le

112 684 1917 131 plus fort empreſſement de leur Balet, ils furent arreſtez

117 786 1906 128 par vn bruit confus de Chiens, & de Cors de Chaſſeurs,

112 885 1917 128 & ce qui les mit dans vne entiere deſroute, ce fut l'abord

107 981 1919 131 de deux Sangliers, l'âge caduc de ces vieux Rabins n’em¬

112 1083 1919 136 peſcha pas leur fuite, ayans (comme on ſçait) vne telle

109 1181 1917 132 auerſion de ces animaux, que meſme ils les abhorrent

107 1291 492 115 ſur leur table.

203 1374 1828 134 Les Sangliers ayans trauerſé la Scene, vne Nymphe

109 1468 1928 144 d’vne Majeſté incomparable, portant vn croiſſant à la

117 1572 1917 142 teſte, & vn arc à la main, ſe fit voir en teſte de quatre

117 1671 1920 136 Chaſſereſſes. Vous pouuez bien juger que c’eſtoit la

120 1770 1919 139 Chaſte Diane, qui ayant long-temps erré à la pourſuite

115 1866 1922 134 de ces deux Sangliers, vint paſſer le reſte du jour dans

120 1976 1914 131 cette agreable Vallée. Dés qu’elle & ſes compagnes vou¬

128 2069 1909 137 leurent commencer leur Balet, les deux Zephyrs por¬

120 2160 1919 137 tans vn éuantail à chaque main, ſe vindrent mettre de

117 2259 1925 139 la feſte; pour les conſeruer en l’ardeur & le mouuement

125 2355 1917 148 de leur danſe dans vne temperée fraicheur. Cette entrée

125 2462 1920 134 fut toute graue, toute ſerieuſe, & ſi ponctuellement

125 2559 1920 136 ajuſtée, qu’on jugea bien que c’eſtoit l’ouurage d’vne

117 2652 1922 150 Déeſſe. Mais enfin le trauail de la chaſſe, ou du Balet,

128 2751 1919 155 les forcea à prendre du repos: Ce fut ſur le tapis verd de

128 2864 1922 125 ces belles ſources, où les Fées en reconnoiſſance de

133 2946 1914 177 Ihonneur que cette Diuinité leur faiſoit, ſans eſtre

1908 96 102 125 13

1525 3056 83 144 C

1635 3056 88 139 2

315 64 1507 131 de la Fontaine de Vaucluſe.
