2275 3236
234 183 1922 127 veuës, leur firent ouyr vn concert de voix, dont la me¬

229 283 1932 124 lodie les porta iuſques à l’extaſe, & verſant dans leurs

237 385 1921 127 paupieres vne inuiſible liqueur de pauots les jetta dans

237 482 777 108 vn gracieux ſommeil.

334 582 1824 124 Tandis qu’elles dormoient, quatre Ægipans, hoſtes

223 676 1935 124 ſauuages de la foreſt de Saus, brûlans continuellement

234 782 1922 121 d’vne ardeur brutale, & ne pouuans dans les ſombres

234 879 1922 124 ſolitudes des bois treuuer dequoy foulager leurs apetits

232 981 1924 119 deſordonnez, furent chercher à cette Fontaine, où l’a¬

232 1078 1921 111 bord de tout ſexe eſt continuel, quelque ſalutaire reme¬

232 1178 1918 121 de, ils y arriuerent auec des mouuemens qui expri¬

240 1289 1921 107 moient viuement leurs folles paſſions; & comme nature

240 1377 1913 116 leur a donné vne diſpoſition & vne agilité inconceua¬

237 1477 1924 122 ble. Les grimaces, & les poſtures de leur Balet furent

240 1580 1918 105 enrichies d’vne grace rauiſſante. Mais lors qu’ils furent

240 1677 1913 110 ſur le point de le finir, ils découurirent ces belles Dor¬

240 1782 1918 113 meuſes, les voir & les deſirer ce ne fut qu’vne méme

245 1879 1911 119 choſe, & ſe voyans inopinement poſſeſſeurs de ces

245 1979 1916 121 Beautez innocentes, ils comploterent d’en faire vne

256 2073 1206 116 prompte curée à leurs ſales deſirs.

334 2173 1822 111 Mais Diane, qui veille continuellement à la conſer¬

250 2270 1908 119 uation de ſes Filles, liſant dans le cœur de ces Infames

250 2375 1908 119 les pernicieux deſſeins qu’ils eſtoient preſts d’executer,

250 2472 1906 111 & en aprehandant les ſuites dangereuſes, enſlâmée d’vn

242 2580 1916 108 iuſte courroux, s’élanca, l’arc & la flache à la main, au

253 2669 1903 108 milieu de ces Prophanes, & d’vne de ſes œillades, les

261 2772 1897 124 jetta dans vne telle fraveur, qu’ils furent contrains, pour

253 2869 1903 121 éuiter le juſte reſſentiment de cette Déeſſe, de prendre

245 2974 1895 132 la fuite; mais auec des cris & des hurlemens ſi épouuen¬

642 51 1141 132 Les diuers Entretiens

237 83 124 113 14
