2264 3236
277 88 79 114 2

682 70 1136 156 Les diuers Entretiens

269 202 1924 143 ſur vne verdoyante coline vne maiſon, qui dans ſes ruis¬

264 307 1924 137 nes monſtroit encore les reſtes d’vne venerable Antiqui¬

269 396 1911 146 té C’eſt où l’illuſtre Petrarque auoit jadis eſtably ſa de¬

264 498 1921 143 meure pour y compoſer auec plus de quietude ſes ou¬

264 606 1919 154 urages merueilleux qui ont donné de l'admiration à tout

261 706 1916 151 I’Vniuers, & qui ſert maintenant de retraite au celebre

256 803 639 130 Magicien Argan.

361 908 1811 127 Au fonds du Theatre parut vn grand rocher eſleué,

256 989 1910 140 au bas duquel eſtoit la grotte de la Fontaine de Vau¬

248 1092 1916 129 cluſe artistement repreſentée apres l'incomparable Ori¬

240 1186 1926 140 ginal que la nature en a fait; dans ces rochers & petites

250 1278 1914 151 grottes il y auoit quantité de lumieres, qui ſans eſtre

245 1375 1916 140 veuës faiſoient diſtinctement voir les heurts & ſalies

240 1477 1916 146 des ruiſſeaux qui en ſortoient, & repreſentoient ſi naïf¬

240 1577 1916 143 uement cet Element, que bien qu’il ne fut figuré qu’auec

234 1677 1922 140 de l’or & de l'argent, ſon eſclat trompoit les veux des

232 1777 1921 134 ſpectateurs, & faiſoit paroiſtre les ondes ſi claires & ſi

237 1882 1913 137 naturelles, qu’ils douterent longuement ſi elles eſtoient

240 1976 1902 146 veritables. C’eſt enſin tout dire, quand on dit que

229 2076 1916 135 c’eſtoit de l'ouurage merueilleux de l’excellent Peintre

226 2181 1913 138 & incomparable Architecte Monſieur Dominique

229 2275 1905 143 Bourbon de Boulogne, dont le merite ne peut eſtre

221 2373 1689 151 aſſez dignement loüé, ny la vertu recompenſée.

259 2540 1816 180 OECONOMIE DV BALET.

377 2761 1746 156 ES haubois avans ceſſé, les violons donnerent

218 2882 175 108 L

391 2888 904 116 commencement au Balet.

304 2966 1819 164 Vvlturne courrier major de la Renommé auec ſon

1799 3095 305 105 incroyable
