2293 3225
284 91 1465 158 de la Fontaine de Vaucluſe.

255 231 1521 134 MONSIEVR DE BRANTES,

970 338 105 110 &

255 424 1505 137 MONSIEVR DE THIERRY,

567 537 908 102 Repreſentans les Ardans.

91 639 137 221 C

252 620 1454 143 ES flâmes que l'on voit brile deſſus nos teſtes,

241 728 879 115 Sont les viſibles interpretes,

75 833 1626 137 Des feus que nous porton dans le fonds de nos cœurs;

69 932 1022 102 Belles, ſans faire les moqueurs,

67 1026 1102 126 Meſlons vos glaçons à nos flâmes,

75 1134 911 96 Lors parmy la ioye & lez ris,

86 1225 1190 116 Quand vous ſerez nos tiedes Femmes,

64 1327 973 121 Nons ſerons vos tiedes Maris.

169 1462 1683 126 MONSIEVR DE CRILLON, Fils,

967 1585 105 92 &

397 1650 1248 131 MONSIEVR DE VIVET,

440 1760 1159 113 Repreſentans deux Bohemienes.

72 1924 145 215 E

220 1913 1548 124 NCOR que nous ſoyons dans les baſſes Eſcoles,

225 2018 1559 118 Si faiſons nous toûjours des chef- d’œuures certains;

69 2133 1369 111 Car tel qui peu deuant a ri de nos paroles,

69 2217 1374 126 Pleure bien-toſt apres de l’effet de nos mains.

236 2308 1436 126 MONSIEVR DE BOVZOLZ,

231 2416 1301 121 MONSIEVR DE PASSIS,

239 2502 1739 118 MONSIEVR GILLES DE FOLARD,

236 2598 1557 148 ET MONSIEVR DE CROSET,

462 2714 1086 126 Repreſentans quatre Sorcieres.

69 2940 116 83 F

188 2808 1293 126 r d’Apollon, & bran pour ſes lumieres,

190 2907 1006 135 La nuit eſt l’Aſtre des Sorcieres,

64 3004 1358 143 Et ce noir Meneſtrier qui guide nos Balets,

1865 137 97 164 17
