2262 3209
297 37 1485 136 de la Fontaine de Vaucluſe.

1930 56 72 133 7

91 173 1916 139 auec vne exacte diligence vindrent diſpoſer toutes cho¬

91 283 1919 118 ſes à la commune ſatisfaction, & ſans intetrompre la

91 374 1914 128 meſure de leurs pas, peuplerent la Fontaine de diuers

91 476 1916 125 Poiſſons, la terre de mille fleurs nouuelles, & l’air d’vn

91 572 1914 131 nombre infiny d’Oyſeaux; leur Balet acheué, elles ſu¬

91 676 1916 134 rent donner ordre à l’entrée ſuiuante, qui fut en cette

88 826 235 101 façon.

182 869 1820 123 Trois petits Zephirs ayans des aiſles à la teſte, au dos,

96 976 1911 133 aux coudes, & aux talons, furent enuoyez par les Fées

101 1077 1909 137 pour ſouffler tout le iour dans cet agreable Valon vne

96 1171 1914 133 douce fraicheur, & temperer les ardeurs du midy par

91 1275 1922 136 leurs odorantes halenées. Ce fut vn Balet volant, ani¬

99 1371 1914 150 mé, & de leur ieuneſſe, & des ſoins que Flore leur Mere

101 1494 739 126 a pris de les inſtruire.

128 1684 1855 139 Icy le Soleil parut entierement, eſclairant toute la Scene.

281 1874 1726 136 N licencié en Medecine de la fameuſe Vniuerſité

267 1976 1759 133 de Montpellier, informé de la fertilité du lieu, &

104 2069 1919 150 de l’abondance des herbes qui naiſſent dans cette ver¬

104 2174 1927 152 doyante Montagne, dont les proprietez ſont d’vn prix

107 2273 1922 139 ineſtimable, ſe rendit à cette Fontaine, pour arboriſer, &

107 2369 1924 155 y faire vne ample moiſſon de ces threſors donnez par la

104 2460 1927 158 main de la nature; & tandis que les ravons naiſſans du

109 2559 1917 163 Soleil beuuoient ces humides larmes, que l'Aurore com¬

109 2666 1920 149 me des perles liquides auoit verſé dans cet agreable Va¬

112 2765 1922 157 lon, il fit ſon entrée auec la diſpoſition naturelle aux

123 2861 1914 171 peuples de cette Prouince, & ſe retira tout chargé de ces

117 2960 1922 174 herbes falutaires, & precieuſes racines, qui donnent la

139 1906 109 214 V

1456 3091 227 107 B3
