2262 3209
80 173 1927 126 en a publié dans leurs climats, eſt infiniment au deſſous

77 278 699 120 de ce qu’ils ont veu.

144 369 1850 112 Philanire, Doüairiere Palatine de Scandinauie, ſous

82 473 1898 123 l’habit d’vn Caualier Polonois, apres auoir roulé long-

82 577 1923 118 temps pour treuuer du diuertiſſement à la melancolie

80 673 1919 121 de ſon vefuage, conſideré cà & là les merueilles de l’art,

91 775 1914 118 viſité le fameux pont du Gar, & l’Amphitheatre de

80 871 1925 121 Niſmes, voulut encore ſatisfaire ſa curioſité, & voir

82 968 1920 117 cette incomparable merueille de la Fontaine de Vau¬

80 1066 1925 115 cuſe, chef-d’œuure de la Nature, dans ſon entrée elle

82 1168 1920 115 témoigna vne gentilleſſe toute particuliere à ſa Nation,

82 1267 1925 126 & ſous le déguiſement d’vn homme, fit paroiſtre des

82 1366 1925 134 douceurs, qui ne ſont données en partage qu’au beau

77 1476 246 117 Sexe.

101 1609 1901 142 Icy les Violons ayans ceſſé, la Muſique de voix et d’inſtru¬

222 1722 1641 147 mens, fit vn intermede, qui fut ſuiuy d’vn Trio

637 1829 808 157 rauiſſant, & ſur ſa ſin;

267 1962 1743 137 'AGREABLE ſon d’vne muſete s’y fit ouyr de

101 1976 147 227 L

259 2059 1751 147 loin, ce fut Damon cheſ de tous les Bergers des

88 2166 1927 131 hameaux voiſins, qui deſcendant de la plus haute roche

96 2267 1914 129 venoit rendre les homages deus à cette Bien-factrice,

101 2363 1909 140 qui luy fournit dans les plus brûlantes chaleurs des re¬

93 2468 1922 115 medes ſi raffraichiſſans; ſous la nouuelle harmonie des

91 2564 1924 123 violons il fit voir qu’il auoit vn excellent genie pour la

91 2660 1927 145 danſe, & qu’il n’auoit pas toûjours eſté nourry à la

99 2783 460 113 Campagne.

179 2864 1839 123 Deux Eunuques, Eſclaues de l'Empereur des terres

101 2968 1920 144 qui ne ſont pas deſcouuertes, & qui par vn fol caprice

302 53 1475 128 de la Fontaine de Vaucluſe.

1940 72 38 139 9
