2262 3209
104 173 1925 137 tées ſur l'oriſon, ce qui obligea cette Amante deſolée à

101 288 1922 118 ſe retirer dans ſes humides grottes, pour s’entretenir

107 387 1906 118 auec ceux qui viſiteront la Fontaine ce iour là, & les di¬

104 484 1164 115 uertir par ſes redites continuelles.

468 615 1178 139 Ici la Lune commençea à paroiſtre.

104 788 174 225 A

273 778 1742 109 V premier éclat de cette brillante Sœur du So¬

294 869 1724 125 leil, le jeune Endimion vint ſaluer ſa fidelle Mai-

91 976 1932 115 ſtreſſe, non plus ſur le Mont Latmie, mais ſur la deli¬

99 1066 1924 137 cieuſe verdure de cette Fontaine. Il ſembloit que ce bel

99 1165 1924 137 Aſtre de la nuit ſe fut eſtalé auec des ſoins plus empre-

96 1270 1930 133 ſſez, & des clartez plus luminenſes que de couſtume,

101 1377 1920 136 pour eſclairer l'entrée de ce Berger, ſon vnique inclina¬

99 1481 1924 118 tion; mais il fallut bien-toſt acheuer ces mutuels entre¬

99 1577 1930 134 tiens, & faire place au Balet des Lunatiques, qui dans la

96 1676 1927 137 noire humeur qui les poſſede vindrent viſiter la Fontai¬

99 1775 1919 139 ne, ſous la brune clarté de la Lune, de laquelle ils por¬

99 1885 1287 128 tent chacun vn quartier dans la teſte.

147 1976 1879 128 Premierement on vit ſortir vne femme de la plus hau.

96 2075 1933 139 te taille, maigre & deſcharnée, les yeux haues, & le teint

96 2168 1933 147 liuide. Ce fut la Melancolie, liberale diſpenſatrice des

93 2273 1930 144 inſlüances de cette inegale Déeſſe, elle portoit vn flam¬

99 2377 1927 126 beau d’vne main, & vn licol de l'autre, ordinaire me¬

101 2470 1925 145 decine pour la gueriſon de ſes ſuppoſts deſeſperez; à ſa

93 2572 1936 134 ſuite venoit vn Courtiſan endebté, portant vne liaſſe

101 2674 1928 139 de Requeſtes, de Saufconduits, & de Prorogations, vn

109 2767 1917 150 vſurier auaricieux, vn trébuchet à la main, vn Mathe¬

101 2866 1941 153 maticien auec vn plobe; & vn Alchimiſte coiſſé de la

112 2965 1925 163 chape d’vn alembic; l’air, la danſe, & les figures de cete

1919 72 112 147 5

305 40 1515 139 de la Fontaine de Vaucluſe.

1496 3075 214 120 B 2
