<?xml version="1.0" encoding="UTF-8"?>
<alto xmlns:xsi="http://www.w3.org/2001/XMLSchema-instance"
      xmlns="http://www.loc.gov/standards/alto/ns-v4#"
      xsi:schemaLocation="http://www.loc.gov/standards/alto/ns-v4# http://www.loc.gov/standards/alto/v4/alto-4-2.xsd">
  <Description>
    <MeasurementUnit>pixel</MeasurementUnit>
    <sourceImageInformation>
      <fileName>bpt6k1513919s_f21.tif</fileName>
      
    </sourceImageInformation>
  </Description>
  
  <Tags>
    <OtherTag ID="BT2346" LABEL="QuireMarksZone" DESCRIPTION="block type QuireMarksZone"/><OtherTag ID="BT2345" LABEL="RunningTitleZone" DESCRIPTION="block type RunningTitleZone"/><OtherTag ID="BT2330" LABEL="TitlePageZone" DESCRIPTION="block type TitlePageZone"/><OtherTag ID="BT2329" LABEL="TableZone" DESCRIPTION="block type TableZone"/><OtherTag ID="BT2328" LABEL="StampZone" DESCRIPTION="block type StampZone"/><OtherTag ID="BT2327" LABEL="MainZone" DESCRIPTION="block type MainZone"/><OtherTag ID="BT2326" LABEL="DamageZone" DESCRIPTION="block type DamageZone"/><OtherTag ID="BT2325" LABEL="NumberingZone" DESCRIPTION="block type NumberingZone"/><OtherTag ID="BT2324" LABEL="GraphicZone" DESCRIPTION="block type GraphicZone"/><OtherTag ID="BT2323" LABEL="DropCapitalZone" DESCRIPTION="block type DropCapitalZone"/>
    <OtherTag ID="LT819" LABEL="InterlinearLine" DESCRIPTION="line type InterlinearLine"/><OtherTag ID="LT818" LABEL="HeadingLine" DESCRIPTION="line type HeadingLine"/><OtherTag ID="LT817" LABEL="DefaultLine" DESCRIPTION="line type DefaultLine"/><OtherTag ID="LT816" LABEL="DropCapitalLine" DESCRIPTION="line type DropCapitalLine"/>
  </Tags>
  
  <Layout>
    <Page WIDTH="2262"
          HEIGHT="3209"
          PHYSICAL_IMG_NR="5"
          ID="eSc_dummypage_">
      <PrintSpace HPOS="0"
                  VPOS="0"
                  WIDTH="2262"
                  HEIGHT="3209">
        
        <TextBlock HPOS="239"
                   VPOS="61"
                   WIDTH="1564"
                   HEIGHT="134"
                   ID="eSc_textblock_955b4965"
                   TAGREFS="BT2345">
          <Shape><Polygon POINTS="239 61 239 195 1803 195 1803 61"/></Shape>
          
          
          <TextLine ID="line_0"
                    TAGREFS="LT817"
                    BASELINE="294 163 1250 147 1765 144" 
                    HPOS="281"
                    VPOS="45"
                    WIDTH="1483"
                    HEIGHT="155">
            <Shape><Polygon POINTS="291 160 281 96 313 64 313 61 313 61 315 61 315 61 315 61 318 61 318 61 321 61 382 61 382 61 382 61 385 61 385 61 385 61 388 61 420 82 471 58 471 58 473 58 473 58 473 58 476 58 476 58 479 58 578 88 623 88 674 56 677 56 677 56 679 56 679 56 679 56 682 56 904 69 931 53 934 53 934 53 934 53 936 53 936 53 939 53 1009 56 1009 56 1011 56 1092 77 1118 61 1121 61 1121 61 1124 61 1124 61 1124 61 1126 61 1126 61 1129 61 1129 61 1129 61 1132 61 1132 61 1151 77 1199 64 1201 64 1201 64 1204 64 1204 64 1204 64 1207 64 1207 64 1209 64 1234 77 1362 77 1418 56 1421 56 1421 56 1421 56 1424 56 1539 64 1555 50 1555 50 1557 50 1557 50 1557 50 1560 50 1560 50 1560 50 1563 50 1563 50 1646 61 1662 48 1662 45 1662 45 1665 45 1665 45 1665 45 1667 45 1667 45 1670 45 1670 45 1670 45 1673 45 1673 45 1673 45 1675 45 1675 45 1675 48 1697 69 1758 72 1764 141 1761 165 1491 165 1488 168 1472 184 1472 184 1472 187 1472 187 1469 187 1469 187 1466 187 1466 187 1466 187 1234 192 1231 192 1035 176 1014 192 1014 195 1014 195 1011 195 1011 195 1009 195 1009 195 1009 195 853 197 851 197 851 197 776 184 511 200 508 200 508 200 508 200 505 200 505 200 465 181 465 181 291 181"/></Shape>
	    <String CONTENT="de la Fontaine de Vaucluſe."
                    HPOS="281"
                    VPOS="45"
                    WIDTH="1483"
                    HEIGHT="155"></String>
          </TextLine>

          
        </TextBlock>
        
        <TextBlock HPOS="1871"
                   VPOS="66"
                   WIDTH="145"
                   HEIGHT="116"
                   ID="eSc_textblock_bcebd7e1"
                   TAGREFS="BT2325">
          <Shape><Polygon POINTS="2016 66 2016 182 1871 182 1871 66"/></Shape>
          
          
          <TextLine ID="eSc_line_cd42be8e"
                    TAGREFS="LT817"
                    BASELINE="1886 171 1925 173 1983 169" 
                    HPOS="1879"
                    VPOS="53"
                    WIDTH="101"
                    HEIGHT="142">
            <Shape><Polygon POINTS="1884 168 1879 61 1972 53 1980 168 1975 195 1881 187"/></Shape>
	    <String CONTENT="15"
                    HPOS="1879"
                    VPOS="53"
                    WIDTH="101"
                    HEIGHT="142"></String>
          </TextLine>

          
        </TextBlock>
        
        <TextBlock HPOS="51"
                   VPOS="208"
                   WIDTH="2060"
                   HEIGHT="2941"
                   ID="eSc_textblock_caa2797e"
                   TAGREFS="BT2327">
          <Shape><Polygon POINTS="51 208 85 3149 1351 3091 1509 2924 2111 3006 2103 208"/></Shape>
          
          
          <TextLine ID="line_1"
                    TAGREFS="LT817"
                    BASELINE="96 291 701 264 1994 251" 
                    HPOS="91"
                    VPOS="163"
                    WIDTH="1903"
                    HEIGHT="139">
            <Shape><Polygon POINTS="96 291 91 216 198 189 198 189 198 189 200 189 200 189 203 189 203 189 203 189 206 189 238 211 350 197 350 197 353 197 353 197 353 197 412 208 441 184 441 184 444 184 444 184 444 184 447 184 447 184 449 184 449 184 607 203 637 181 637 181 639 181 639 181 642 181 642 181 642 181 645 181 645 181 645 181 696 192 741 179 744 179 744 179 746 179 869 181 869 181 869 181 872 181 872 181 872 181 875 181 896 197 936 176 936 176 936 176 939 176 939 176 939 176 942 176 942 176 944 176 1027 197 1073 184 1076 184 1076 184 1076 184 1078 184 1212 192 1244 171 1247 171 1247 171 1247 171 1250 171 1250 171 1250 171 1252 171 1252 171 1392 192 1394 192 1397 192 1590 165 1590 165 1592 165 1592 165 1592 165 1595 165 1659 187 1718 163 1718 163 1721 163 1721 163 1721 163 1723 163 1988 184 1994 251 1991 272 1456 267 1426 280 1426 280 1426 280 1424 280 1424 280 1421 280 1086 272 977 288 966 288 966 288 963 288 944 288 744 278 586 278 556 294 551 296 551 296 551 296 548 296 548 296 546 296 546 296 516 294 422 286 401 296 393 299 393 299 393 299 390 299 390 299 390 302 96 302"/></Shape>
	    <String CONTENT="tables, que l’eau de la Fontaine en fut troublée, &amp; les ha¬"
                    HPOS="91"
                    VPOS="163"
                    WIDTH="1903"
                    HEIGHT="139"></String>
          </TextLine>

          
          
          <TextLine ID="line_2"
                    TAGREFS="LT817"
                    BASELINE="93 393 631 366 1996 352" 
                    HPOS="85"
                    VPOS="280"
                    WIDTH="1911"
                    HEIGHT="126">
            <Shape><Polygon POINTS="93 393 85 310 1988 280 1996 352 1994 361 1491 385 1488 385 1488 385 1418 377 1383 371 1359 377 1325 387 1322 387 1322 387 1322 387 1319 387 1228 379 1153 374 1143 382 1137 387 1137 387 1135 387 1135 387 1135 387 1132 387 1132 387 1129 387 1129 387 1086 385 1014 377 990 385 974 393 974 393 971 393 971 393 971 393 969 393 969 393 934 387 891 379 832 390 797 395 797 395 795 395 639 395 283 390 93 406"/></Shape>
	    <String CONTENT="bitans de la campagne ſi émeus, que les parties faites"
                    HPOS="85"
                    VPOS="280"
                    WIDTH="1911"
                    HEIGHT="126"></String>
          </TextLine>

          
          
          <TextLine ID="line_3"
                    TAGREFS="LT817"
                    BASELINE="104 481 939 459 1996 449" 
                    HPOS="99"
                    VPOS="366"
                    WIDTH="1897"
                    HEIGHT="131">
            <Shape><Polygon POINTS="104 481 99 417 318 411 342 390 342 387 342 387 345 387 345 387 348 387 348 387 348 387 350 387 350 387 353 387 428 406 497 385 500 385 500 385 500 385 503 385 503 385 637 401 671 382 671 382 671 382 674 382 674 382 674 382 677 382 677 382 679 382 752 403 878 403 971 377 974 377 974 377 974 377 1276 371 1279 371 1279 371 1282 371 1370 393 1370 393 1370 393 1544 377 1544 377 1547 377 1547 377 1632 387 1659 366 1659 366 1662 366 1662 366 1662 366 1665 366 1665 366 1665 366 1667 366 1667 366 1670 366 1670 366 1670 366 1715 387 1766 374 1769 374 1769 374 1772 374 1991 385 1996 449 1996 459 1282 478 1279 478 1231 476 1108 467 1089 478 1084 484 1081 484 1081 484 1081 484 1078 484 1078 484 1076 484 936 481 602 476 522 489 508 492 508 492 508 492 505 492 505 492 492 492 436 481 104 497"/></Shape>
	    <String CONTENT="pour s’aller diuertir ce iour là à la Fontaine, furent en¬"
                    HPOS="99"
                    VPOS="366"
                    WIDTH="1897"
                    HEIGHT="131"></String>
          </TextLine>

          
          
          <TextLine ID="line_4"
                    TAGREFS="LT817"
                    BASELINE="96 588 663 564 1999 545" 
                    HPOS="88"
                    VPOS="462"
                    WIDTH="1917"
                    HEIGHT="137">
            <Shape><Polygon POINTS="96 588 88 516 147 497 149 497 149 497 149 497 152 497 152 497 155 497 155 497 155 497 184 510 380 494 382 494 382 494 503 505 602 484 602 484 602 484 604 484 604 484 604 484 607 484 607 484 607 484 610 484 610 484 623 497 666 484 669 484 669 484 669 484 671 484 671 484 757 500 835 478 837 478 837 478 837 478 840 478 840 478 843 478 843 478 899 497 963 476 966 476 966 476 966 476 969 476 969 476 971 476 1038 494 1113 473 1116 473 1116 473 1118 473 1118 473 1215 484 1306 470 1306 470 1309 470 1309 470 1309 470 1311 470 1311 470 1314 470 1343 489 1413 467 1416 467 1416 467 1416 467 1418 467 1418 467 1520 486 1525 486 1531 486 1646 467 1646 467 1648 467 1648 467 1648 467 1721 481 1750 462 1753 462 1753 462 1756 462 1756 462 1756 462 1758 462 1758 462 1761 462 1825 481 1831 481 1833 481 1852 467 1855 467 1855 467 1857 467 1857 467 1857 467 1860 467 1994 478 1999 545 2005 553 1980 572 1980 572 1978 572 1978 572 1978 572 1975 572 1975 572 1975 572 1972 572 1798 558 1694 577 1694 577 1694 577 1691 577 1691 577 1608 564 1485 580 1485 580 1483 580 1483 580 1483 580 1418 566 1408 564 1405 566 1383 582 1383 582 1381 582 1381 582 1378 582 1378 582 1378 582 1375 582 1375 582 1268 569 1258 569 1252 569 1209 585 1209 585 1207 585 1207 585 1204 585 1204 585 1204 585 1201 585 1156 572 1143 569 1129 572 1076 588 1073 588 1073 588 1073 588 1070 588 902 577 821 574 658 577 647 585 623 596 623 596 623 596 621 596 621 596 621 596 618 596 492 588 404 582 388 590 369 599 369 599 369 599 366 599 366 599 364 599 364 599 364 599 361 599 337 590 315 585 96 596"/></Shape>
	    <String CONTENT="tierement rompües dans l’aprehenſion de quelque mau¬"
                    HPOS="88"
                    VPOS="462"
                    WIDTH="1917"
                    HEIGHT="137"></String>
          </TextLine>

          
          
          <TextLine ID="line_5"
                    TAGREFS="LT817"
                    BASELINE="99 681 1118 655 2002 655" 
                    HPOS="93"
                    VPOS="558"
                    WIDTH="1909"
                    HEIGHT="142">
            <Shape><Polygon POINTS="99 681 93 609 409 604 444 574 444 574 447 574 447 574 447 574 449 574 449 574 452 574 497 574 497 574 497 574 500 574 500 574 500 574 503 574 503 574 530 599 564 574 567 574 567 574 570 574 570 574 570 574 572 574 572 574 575 574 575 574 575 574 615 593 661 572 661 572 663 572 663 572 663 572 666 572 666 572 666 572 728 585 749 572 752 572 752 572 752 572 754 572 754 572 757 572 757 572 757 572 824 582 971 569 971 569 974 569 974 569 977 569 1044 585 1073 566 1076 566 1076 566 1076 566 1078 566 1078 566 1081 566 1081 566 1081 566 1132 577 1161 564 1161 564 1161 564 1164 564 1164 564 1167 564 1351 564 1351 564 1351 564 1354 564 1421 580 1659 558 1659 558 1662 558 1662 558 1665 558 1665 558 1665 558 1710 582 1857 582 1876 582 1876 580 1924 558 1924 558 1924 558 1927 558 1927 558 1930 558 1930 558 1930 558 1932 558 2002 580 2002 655 1999 673 1600 665 1579 679 1576 679 1576 679 1576 679 1576 679 1574 679 1574 679 1574 679 1571 679 1555 679 1359 668 1314 681 1303 684 1300 684 1300 684 1298 684 1298 684 1271 681 1169 671 1118 684 1102 687 1100 687 1100 687 1097 687 1097 687 1070 684 990 673 875 687 811 692 811 692 808 692 749 687 661 679 645 687 637 695 634 695 634 695 634 695 631 695 631 695 629 695 629 695 562 689 479 681 422 689 374 697 374 697 372 697 372 697 372 697 331 692 289 684 275 692 262 700 259 700 259 700 256 700 256 700 256 700 254 700 96 692"/></Shape>
	    <String CONTENT="uais rencontre: Ce qui donna fin à cette belle iournée,"
                    HPOS="93"
                    VPOS="558"
                    WIDTH="1909"
                    HEIGHT="142"></String>
          </TextLine>

          
          
          <TextLine ID="line_6"
                    TAGREFS="LT817"
                    BASELINE="104 783 760 759 1999 743" 
                    HPOS="93"
                    VPOS="657"
                    WIDTH="1906"
                    HEIGHT="142">
            <Shape><Polygon POINTS="104 783 93 716 109 700 109 697 109 697 112 697 112 697 112 697 115 697 115 697 115 697 117 697 267 705 289 689 289 687 289 687 291 687 291 687 294 687 294 687 294 687 297 687 297 687 404 700 425 684 425 684 428 684 428 684 428 684 430 684 430 684 433 684 433 684 433 684 519 700 701 700 722 681 722 679 725 679 725 679 725 679 728 679 728 679 728 679 730 679 934 695 1011 673 1014 673 1014 673 1014 673 1017 673 1017 673 1019 673 1094 692 1282 689 1325 668 1325 668 1327 668 1327 668 1327 668 1330 668 1330 668 1330 668 1333 668 1392 687 1493 665 1493 665 1493 665 1496 665 1496 665 1496 665 1499 665 1499 665 1541 684 1713 684 1745 660 1748 660 1748 660 1748 660 1750 660 1750 660 1750 660 1873 657 1876 657 1876 657 1994 679 1999 743 1999 764 104 799"/></Shape>
	    <String CONTENT="&amp; en ſuite à toutes les entrées, attendant le grand Balet;"
                    HPOS="93"
                    VPOS="657"
                    WIDTH="1906"
                    HEIGHT="142"></String>
          </TextLine>

          
          
          <TextLine ID="line_7"
                    TAGREFS="LT817"
                    BASELINE="104 879 2029 837" 
                    HPOS="91"
                    VPOS="759"
                    WIDTH="1938"
                    HEIGHT="139">
            <Shape><Polygon POINTS="104 879 91 810 104 794 107 794 107 791 107 791 109 791 109 791 109 791 112 791 112 791 112 791 222 788 224 788 224 788 224 788 297 804 339 786 339 786 342 786 342 786 342 786 345 786 345 786 455 802 455 802 457 802 583 780 583 780 583 780 586 780 821 796 845 796 912 794 1001 791 1027 772 1030 772 1030 772 1030 772 1033 772 1033 772 1035 772 1035 772 1035 772 1124 788 1159 770 1159 770 1159 770 1161 770 1161 770 1161 770 1164 770 1164 770 1260 788 1268 788 1274 788 1338 767 1341 767 1341 767 1341 767 1343 767 1343 767 1343 767 1346 767 1346 767 1381 783 1394 770 1394 770 1397 770 1397 770 1397 770 1400 770 1400 770 1402 770 1402 770 1507 780 1539 759 1541 759 1541 759 1541 759 1544 759 1544 759 1547 759 1547 759 1547 759 1549 759 1549 759 1598 780 1598 780 2021 775 2029 837 2029 853 1975 871 1972 871 1972 871 1972 871 1970 871 1806 858 1790 858 1782 858 1705 882 1702 882 1702 882 1702 882 1699 882 1587 874 1426 890 1426 890 1226 893 1223 893 1223 893 1220 893 1220 893 1220 893 1185 877 1065 898 1065 898 1062 898 101 895"/></Shape>
	    <String CONTENT="laiſſant aux aſſiſtans vne inſtruction Morale, que iamais."
                    HPOS="91"
                    VPOS="759"
                    WIDTH="1938"
                    HEIGHT="139"></String>
          </TextLine>

          
          
          <TextLine ID="line_8"
                    TAGREFS="LT817"
                    BASELINE="104 976 2013 935" 
                    HPOS="99"
                    VPOS="855"
                    WIDTH="1914"
                    HEIGHT="153">
            <Shape><Polygon POINTS="104 976 101 895 208 911 337 895 337 895 339 895 339 895 417 906 457 890 457 890 460 890 460 890 460 890 463 890 596 901 631 882 634 882 634 882 634 882 637 882 637 882 637 882 736 879 738 879 768 879 969 893 1199 871 1209 871 1212 871 1212 871 1218 871 1346 887 1375 869 1375 866 1375 866 1378 866 1378 866 1378 866 1381 866 1381 866 1383 866 1383 866 1383 866 1394 866 1464 882 1493 866 1493 863 1496 863 1496 863 1499 863 1499 863 1499 863 1501 863 1501 863 1504 863 1504 863 1504 863 1507 863 1507 863 1507 863 1525 879 1560 863 1563 863 1563 863 1566 863 1566 863 1566 863 1568 863 1568 863 1571 863 1574 863 1640 879 1879 879 2005 855 2013 935 2013 960 1247 992 1244 992 1244 992 1244 992 1175 976 1164 973 1159 976 1121 994 1121 994 1121 994 1118 994 1118 994 1118 997 1057 997 1054 994 1054 994 1052 994 1052 994 1052 994 1049 994 1049 994 1027 978 1027 976 1019 978 950 997 947 997 947 997 944 997 944 997 829 981 827 981 824 981 776 997 773 997 773 997 773 997 770 997 770 997 658 986 615 1005 615 1005 613 1005 613 1005 613 1005 610 1005 610 1005 610 1005 607 1005 564 992 481 1008 481 1008 481 1008 479 1008 479 1008 476 1008 401 989 147 1005 144 1005 144 1005 144 1005 141 1005 99 992"/></Shape>
	    <String CONTENT="le vice ne peut ſubſiſter en preſence de la Diuinité, &amp;"
                    HPOS="99"
                    VPOS="855"
                    WIDTH="1914"
                    HEIGHT="153"></String>
          </TextLine>

          
          
          <TextLine ID="line_9"
                    TAGREFS="LT817"
                    BASELINE="115 1075 2010 1032" 
                    HPOS="109"
                    VPOS="949"
                    WIDTH="1901"
                    HEIGHT="152">
            <Shape><Polygon POINTS="115 1075 109 1013 206 1010 238 986 240 986 240 986 240 986 243 986 243 986 243 986 246 986 439 1002 540 981 540 981 540 981 543 981 543 981 546 981 546 981 546 981 580 1000 613 978 615 978 615 978 615 978 618 978 618 978 618 978 704 976 706 976 706 976 709 976 709 976 709 976 712 976 738 994 819 973 821 973 821 973 824 973 824 973 824 973 827 973 883 994 934 994 969 970 971 970 971 970 971 970 974 970 974 970 977 970 977 970 1118 986 1175 965 1175 965 1177 965 1177 965 1177 965 1180 965 1180 965 1292 984 1317 965 1317 965 1319 965 1319 965 1322 965 1322 965 1322 965 1325 965 1325 965 1327 965 1327 965 1365 978 1410 960 1410 960 1413 960 1413 960 1413 960 1416 960 1416 960 1418 960 1418 960 1418 960 1421 960 1450 981 1504 981 1525 960 1525 957 1525 957 1528 957 1528 957 1528 957 1531 957 1531 957 1531 957 1533 957 1533 957 1536 957 1536 957 1536 957 1539 957 1568 978 1616 978 1646 954 1646 954 1648 954 1648 954 1648 954 1651 954 1651 954 1654 954 1654 954 1654 954 1750 973 1785 952 1788 952 1788 952 1788 952 1790 952 1790 952 1793 952 1793 952 1793 952 1884 970 1916 949 1919 949 1919 949 1919 949 1922 949 1922 949 1924 949 1924 949 1927 949 2007 970 2010 1032 2007 1048 1793 1069 1793 1069 1790 1069 1611 1061 1560 1058 1552 1061 1528 1077 1525 1077 1525 1077 1523 1077 1523 1077 1523 1077 1520 1077 1365 1066 1306 1064 1298 1069 1284 1080 1284 1083 1284 1083 1282 1083 1282 1083 1279 1083 1279 1083 1279 1083 904 1091 902 1091 902 1091 902 1091 859 1083 827 1075 811 1083 792 1093 792 1093 792 1093 789 1093 789 1093 789 1093 787 1093 685 1085 591 1080 546 1091 532 1093 530 1093 530 1093 527 1093 527 1093 500 1091 436 1085 425 1093 417 1101 417 1101 414 1101 414 1101 414 1101 412 1101 412 1101 412 1101 409 1101 339 1096 240 1088 115 1101"/></Shape>
	    <String CONTENT="que l’impudicité la plus effrontée, &amp; la plus hardie de¬"
                    HPOS="109"
                    VPOS="949"
                    WIDTH="1901"
                    HEIGHT="152"></String>
          </TextLine>

          
          
          <TextLine ID="line_10"
                    TAGREFS="LT817"
                    BASELINE="112 1176 1729 1141" 
                    HPOS="107"
                    VPOS="1056"
                    WIDTH="1622"
                    HEIGHT="152">
            <Shape><Polygon POINTS="112 1176 107 1109 323 1104 353 1080 353 1080 356 1080 356 1080 358 1080 358 1080 358 1080 361 1080 361 1080 364 1080 433 1099 455 1083 455 1080 455 1080 457 1080 457 1080 460 1080 460 1080 460 1080 463 1080 463 1080 465 1080 508 1091 604 1075 604 1075 607 1075 717 1075 717 1075 717 1075 720 1075 720 1075 720 1075 722 1075 746 1091 872 1069 872 1069 875 1069 875 1069 875 1069 878 1069 944 1088 1153 1072 1156 1072 1156 1072 1156 1072 1226 1083 1276 1061 1276 1061 1279 1061 1279 1061 1279 1061 1282 1061 1282 1061 1389 1077 1408 1061 1408 1058 1408 1058 1410 1058 1410 1058 1410 1058 1413 1058 1413 1058 1413 1058 1474 1056 1477 1056 1477 1056 1477 1056 1480 1056 1480 1056 1483 1056 1483 1056 1507 1075 1566 1056 1568 1056 1568 1056 1568 1056 1571 1056 1571 1056 1574 1056 1574 1056 1574 1056 1576 1056 1603 1075 1723 1075 1729 1141 1726 1176 1568 1163 1552 1179 1549 1179 1549 1181 1549 1181 1547 1181 1547 1181 1547 1181 1544 1181 1544 1181 1541 1181 1541 1181 1541 1181 1539 1181 1531 1179 1504 1171 1416 1179 1370 1184 1370 1184 1367 1184 1367 1184 1365 1184 1351 1181 1314 1168 1300 1181 1295 1184 1295 1187 1295 1187 1292 1187 1292 1187 1290 1187 1290 1187 1290 1187 886 1195 883 1195 883 1195 880 1195 880 1195 880 1195 878 1195 878 1195 867 1184 856 1179 749 1179 744 1187 730 1198 730 1198 730 1200 730 1200 728 1200 728 1200 725 1200 725 1200 725 1200 722 1200 722 1200 720 1200 720 1200 720 1200 690 1187 679 1181 372 1184 369 1190 350 1206 350 1208 350 1208 348 1208 348 1208 348 1208 345 1208 345 1208 342 1208 342 1208 342 1208 339 1208 281 1190 278 1190 112 1190"/></Shape>
	    <String CONTENT="uient glacée à l’aſpect d’vne veritable Chaſteté."
                    HPOS="107"
                    VPOS="1056"
                    WIDTH="1622"
                    HEIGHT="152"></String>
          </TextLine>

          
          
          <TextLine ID="line_11"
                    TAGREFS="LT817"
                    BASELINE="200 1267 2018 1232" 
                    HPOS="195"
                    VPOS="1152"
                    WIDTH="1823"
                    HEIGHT="144">
            <Shape><Polygon POINTS="200 1267 195 1198 254 1184 254 1184 254 1184 256 1184 366 1195 417 1198 433 1192 473 1179 476 1179 476 1179 476 1179 479 1179 733 1187 808 1190 813 1187 827 1173 827 1173 829 1173 829 1173 829 1173 832 1173 832 1173 832 1173 835 1173 835 1173 910 1184 928 1187 936 1184 971 1171 971 1171 974 1171 974 1171 977 1171 977 1171 977 1171 979 1171 979 1171 1009 1184 1019 1187 1038 1181 1105 1168 1105 1168 1105 1168 1108 1168 1271 1179 1284 1179 1284 1179 1311 1163 1314 1163 1314 1163 1317 1163 1317 1163 1317 1163 1319 1163 1319 1163 1413 1176 1434 1179 1461 1176 1595 1157 1595 1157 1598 1157 1598 1157 1598 1157 1600 1157 1651 1173 1657 1173 1908 1171 1911 1168 1932 1152 1935 1152 1935 1152 1935 1152 1938 1152 1938 1152 1940 1152 1940 1152 1940 1152 2013 1168 2018 1232 2018 1246 1828 1267 1825 1267 1504 1259 1461 1259 1458 1259 1421 1280 1421 1280 1421 1280 1418 1280 1418 1280 1418 1280 1314 1283 1311 1283 1116 1267 1086 1267 1078 1270 1038 1286 1038 1286 1035 1286 1035 1286 1035 1286 896 1291 896 1291 554 1296 551 1296 551 1296 548 1296 548 1296 508 1283 492 1278 200 1288"/></Shape>
	    <String CONTENT="Douze Heros, apellez les Cheualiers de Diane, ou de"
                    HPOS="195"
                    VPOS="1152"
                    WIDTH="1823"
                    HEIGHT="144"></String>
          </TextLine>

          
          
          <TextLine ID="line_12"
                    TAGREFS="LT817"
                    BASELINE="115 1374 2021 1329" 
                    HPOS="107"
                    VPOS="1251"
                    WIDTH="1914"
                    HEIGHT="134">
            <Shape><Polygon POINTS="115 1374 107 1288 289 1286 291 1286 291 1286 294 1286 294 1286 294 1286 294 1286 297 1286 297 1286 310 1296 329 1286 329 1283 331 1283 331 1283 331 1283 334 1283 334 1283 334 1283 337 1283 337 1283 350 1283 412 1294 567 1283 631 1278 634 1278 634 1278 634 1278 637 1278 637 1278 637 1278 639 1278 639 1278 642 1280 661 1296 687 1280 690 1280 690 1280 690 1280 693 1280 693 1280 693 1280 696 1280 696 1280 698 1280 698 1280 701 1280 736 1294 878 1278 894 1278 896 1278 896 1278 910 1278 1001 1288 1060 1278 1118 1264 1118 1264 1121 1264 1121 1264 1220 1275 1279 1280 1327 1272 1418 1259 1418 1259 1421 1259 1421 1259 1424 1259 1474 1272 1491 1275 1520 1272 1587 1262 1587 1262 1590 1262 1718 1270 1742 1270 1745 1270 1766 1251 1766 1251 1769 1251 1769 1251 1769 1251 1772 1251 1772 1251 1774 1251 1774 1251 1774 1251 1777 1251 1777 1251 1777 1251 1809 1267 1809 1267 2013 1267 2021 1329 2021 1353 115 1385"/></Shape>
	    <String CONTENT="la Chaſteté, ſuiuant continuellement les traces de cette"
                    HPOS="107"
                    VPOS="1251"
                    WIDTH="1914"
                    HEIGHT="134"></String>
          </TextLine>

          
          
          <TextLine ID="line_13"
                    TAGREFS="LT817"
                    BASELINE="120 1470 2023 1428" 
                    HPOS="120"
                    VPOS="1350"
                    WIDTH="1903"
                    HEIGHT="147">
            <Shape><Polygon POINTS="120 1470 120 1387 174 1403 224 1385 232 1382 232 1382 235 1382 235 1382 235 1382 388 1379 390 1379 390 1379 393 1379 393 1379 393 1379 401 1382 433 1398 463 1382 468 1377 471 1377 471 1377 471 1377 473 1377 473 1377 476 1377 476 1377 476 1377 500 1379 578 1395 607 1379 618 1374 618 1374 618 1374 621 1374 621 1374 621 1374 623 1374 623 1374 623 1374 647 1379 709 1393 746 1377 760 1371 760 1371 762 1371 762 1371 762 1371 765 1371 765 1371 803 1377 848 1382 859 1374 864 1369 864 1369 867 1369 867 1369 867 1369 869 1369 869 1369 869 1369 872 1369 872 1369 872 1369 875 1369 875 1369 888 1374 918 1387 1300 1382 1325 1369 1330 1366 1330 1366 1330 1366 1333 1366 1333 1366 1335 1366 1375 1366 1536 1374 1560 1363 1584 1353 1584 1353 1587 1353 1587 1353 1587 1353 1590 1353 1590 1353 1590 1353 1592 1353 1592 1353 1616 1363 1635 1371 1659 1363 1694 1350 1694 1350 1697 1350 1697 1350 1699 1350 1699 1350 1699 1350 1702 1350 1702 1350 1731 1361 1753 1369 2015 1358 2023 1428 2021 1457 1782 1473 1780 1473 1780 1473 1780 1473 1777 1473 1777 1473 1774 1473 1761 1462 1753 1460 1731 1465 1678 1476 1678 1476 1678 1476 1675 1476 1675 1476 1675 1476 1673 1476 1673 1476 1670 1476 1670 1476 1657 1465 1640 1454 1547 1454 1477 1457 1456 1470 1429 1484 1429 1484 1429 1484 1426 1484 1426 1484 1426 1484 1188 1489 1185 1489 1185 1489 1183 1489 1183 1489 1153 1478 950 1492 947 1492 947 1492 947 1492 944 1492 944 1492 944 1492 920 1481 899 1470 840 1470 816 1481 811 1486 808 1486 808 1486 805 1486 805 1486 805 1486 803 1486 757 1484 666 1476 613 1486 594 1489 594 1489 594 1489 591 1489 556 1486 484 1481 473 1489 463 1497 463 1497 460 1497 460 1497 460 1497 457 1497 457 1497 455 1497 455 1497 455 1497 452 1497 452 1497 452 1497 449 1497 439 1489 425 1481 120 1494"/></Shape>
	    <String CONTENT="belle Chaſſereſſe, fermerent entierement la Scene par"
                    HPOS="120"
                    VPOS="1350"
                    WIDTH="1903"
                    HEIGHT="147"></String>
          </TextLine>

          
          
          <TextLine ID="line_14"
                    TAGREFS="LT817"
                    BASELINE="128 1567 2029 1529" 
                    HPOS="120"
                    VPOS="1449"
                    WIDTH="1909"
                    HEIGHT="160">
            <Shape><Polygon POINTS="128 1567 120 1508 289 1481 289 1481 291 1481 291 1481 291 1481 377 1497 404 1478 406 1478 406 1478 406 1478 409 1478 409 1478 409 1478 580 1476 583 1476 583 1476 586 1476 586 1476 586 1476 588 1476 588 1476 615 1497 666 1497 778 1492 811 1470 813 1470 813 1470 813 1470 816 1470 816 1470 819 1470 819 1470 944 1484 1019 1468 1019 1468 1019 1468 1022 1468 1022 1468 1025 1468 1025 1468 1025 1468 1027 1468 1027 1468 1049 1486 1145 1465 1145 1465 1145 1465 1148 1465 1148 1465 1151 1465 1151 1465 1199 1481 1477 1481 1485 1468 1488 1468 1488 1465 1488 1465 1491 1465 1491 1465 1491 1465 1493 1465 1493 1465 1496 1465 1496 1465 1496 1465 1549 1476 1587 1457 1587 1457 1587 1457 1590 1457 1590 1457 1590 1457 1592 1457 1849 1470 1884 1449 1887 1449 1887 1449 1887 1449 1889 1449 1889 1449 1892 1449 1892 1449 1892 1449 1895 1449 1895 1449 1897 1449 1897 1449 1913 1462 1983 1449 1983 1449 1983 1449 1986 1449 1986 1449 1986 1449 1988 1449 1988 1449 1988 1449 2026 1470 2029 1529 2029 1553 1895 1553 1889 1556 1847 1577 1847 1577 1847 1577 1844 1577 1844 1577 1844 1577 1756 1580 1753 1580 1608 1569 1592 1583 1592 1583 1590 1583 1590 1583 1590 1583 1587 1583 1587 1583 1587 1583 1135 1591 1132 1591 1132 1591 1129 1591 1129 1591 1129 1591 1126 1591 1126 1591 1110 1577 1105 1575 1100 1577 1089 1588 1089 1588 1089 1588 1086 1588 1086 1588 1084 1588 1084 1588 1084 1588 1081 1588 896 1585 800 1583 781 1588 752 1596 749 1596 749 1596 749 1596 746 1596 746 1596 746 1596 744 1596 722 1588 685 1577 548 1577 535 1591 535 1593 535 1593 532 1593 532 1593 532 1593 530 1593 530 1593 530 1593 530 1593 527 1593 527 1593 331 1585 286 1601 265 1609 265 1609 262 1609 262 1609 259 1609 259 1609 259 1609 224 1604 155 1588 133 1607"/></Shape>
	    <String CONTENT="vn grand Balet, qui fut dansé auec toute la grace &amp; la"
                    HPOS="120"
                    VPOS="1449"
                    WIDTH="1909"
                    HEIGHT="160"></String>
          </TextLine>

          
          
          <TextLine ID="line_15"
                    TAGREFS="LT817"
                    BASELINE="128 1668 2015 1623" 
                    HPOS="123"
                    VPOS="1548"
                    WIDTH="1892"
                    HEIGHT="163">
            <Shape><Polygon POINTS="128 1668 123 1612 232 1585 232 1585 232 1585 235 1585 235 1585 235 1585 238 1585 238 1585 238 1585 240 1585 240 1585 254 1596 356 1583 356 1583 358 1583 358 1583 358 1583 361 1583 361 1583 409 1601 476 1580 479 1580 479 1580 479 1580 481 1580 481 1580 602 1593 773 1575 773 1575 776 1575 776 1575 883 1591 1038 1567 1038 1567 1041 1567 1041 1567 1041 1567 1044 1567 1094 1583 1124 1569 1124 1569 1124 1569 1126 1569 1126 1569 1129 1569 1129 1569 1129 1569 1132 1569 1177 1583 1343 1567 1343 1567 1346 1567 1346 1567 1426 1577 1445 1561 1445 1561 1445 1561 1448 1561 1448 1561 1450 1561 1450 1561 1450 1561 1453 1561 1780 1569 1857 1548 1860 1548 1860 1548 1863 1548 1863 1548 2010 1567 2015 1623 2015 1679 1504 1692 1501 1692 1501 1692 1472 1687 1413 1676 1349 1690 1300 1698 1300 1698 1300 1698 1298 1698 1159 1692 1062 1687 1046 1692 1019 1703 1019 1703 1017 1703 1017 1703 1014 1703 1014 1703 1014 1703 1011 1703 979 1692 944 1684 864 1695 744 1711 744 1711 741 1711 741 1711 741 1711 738 1711 738 1711 738 1711 712 1698 704 1692 682 1698 650 1706 647 1706 647 1706 645 1706 645 1706 645 1706 642 1706 642 1706 621 1698 604 1692 128 1703"/></Shape>
	    <String CONTENT="Juſteſſe qu’on pouuoit deſirer pour vne entiere ſatis-"
                    HPOS="123"
                    VPOS="1548"
                    WIDTH="1892"
                    HEIGHT="163"></String>
          </TextLine>

          
          
          <TextLine ID="line_16"
                    TAGREFS="LT817"
                    BASELINE="128 1767 414 1762" 
                    HPOS="117"
                    VPOS="1674"
                    WIDTH="297"
                    HEIGHT="112">
            <Shape><Polygon POINTS="128 1767 117 1703 144 1679 144 1676 144 1676 147 1676 147 1676 149 1676 149 1676 149 1676 152 1676 152 1676 155 1676 155 1676 155 1676 198 1698 265 1674 267 1674 267 1674 267 1674 270 1674 270 1674 409 1698 414 1762 412 1786 125 1783"/></Shape>
	    <String CONTENT="faction."
                    HPOS="117"
                    VPOS="1674"
                    WIDTH="297"
                    HEIGHT="112"></String>
          </TextLine>

          
          
          <TextLine ID="line_38"
                    TAGREFS="LT818"
                    BASELINE="240 2465 1954 2417" 
                    HPOS="230"
                    VPOS="2326"
                    WIDTH="1724"
                    HEIGHT="174">
            <Shape><Polygon POINTS="240 2465 230 2396 259 2371 262 2371 265 2371 267 2371 270 2371 273 2371 294 2388 425 2369 428 2369 602 2380 615 2363 618 2363 618 2361 621 2361 623 2361 626 2361 629 2361 663 2380 666 2380 687 2377 765 2366 768 2366 843 2371 902 2374 912 2369 936 2353 939 2353 942 2353 944 2353 1033 2363 1089 2369 1140 2358 1201 2345 1204 2345 1252 2353 1298 2361 1389 2347 1416 2345 1418 2345 1456 2345 1648 2350 1667 2337 1670 2337 1673 2337 1675 2337 1678 2337 1721 2350 1748 2331 1753 2329 1756 2329 1758 2329 1761 2329 1785 2331 1868 2342 1911 2326 1954 2417 1954 2468 1418 2468 1362 2478 1330 2484 1327 2484 1325 2484 1322 2484 1317 2478 1298 2462 1271 2481 1266 2484 1263 2484 1260 2484 1258 2484 1236 2481 1172 2468 1126 2484 1100 2492 1097 2492 1094 2492 1054 2484 1014 2476 998 2486 985 2494 982 2494 979 2494 977 2494 974 2494 958 2486 926 2470 762 2489 757 2489 754 2489 752 2489 696 2481 674 2492 661 2497 658 2497 655 2497 653 2497 650 2497 642 2492 623 2481 591 2494 586 2494 583 2494 580 2494 578 2494 572 2494 524 2481 441 2497 430 2497 428 2497 404 2497 256 2489 248 2500"/></Shape>
	    <String CONTENT="MONSIEVR DE LONGCHAMPS,"
                    HPOS="230"
                    VPOS="2326"
                    WIDTH="1724"
                    HEIGHT="174"></String>
          </TextLine>

          
          
          <TextLine ID="line_39"
                    TAGREFS="LT818"
                    BASELINE="679 2553 1525 2524" 
                    HPOS="669"
                    VPOS="2449"
                    WIDTH="856"
                    HEIGHT="150">
            <Shape><Polygon POINTS="679 2553 669 2492 693 2473 696 2473 698 2473 701 2473 704 2473 752 2486 907 2465 910 2465 1046 2476 1054 2476 1065 2476 1215 2454 1218 2454 1220 2454 1263 2468 1266 2468 1287 2452 1290 2452 1292 2452 1295 2452 1298 2452 1325 2465 1327 2465 1338 2462 1418 2449 1421 2449 1520 2457 1525 2524 1523 2575 1169 2567 1153 2580 1153 2583 1151 2583 1148 2583 1145 2583 1143 2583 1084 2569 1035 2585 1025 2588 1022 2588 1019 2588 998 2585 910 2572 883 2588 867 2599 864 2599 861 2599 859 2599 803 2591 749 2580 679 2591"/></Shape>
	    <String CONTENT="Repreſentant Vvlturne."
                    HPOS="669"
                    VPOS="2449"
                    WIDTH="856"
                    HEIGHT="150"></String>
          </TextLine>

          
          
          <TextLine ID="line_40"
                    TAGREFS="LT817"
                    BASELINE="292 2758 366 2757 1218 2738" 
                    HPOS="289"
                    VPOS="2663"
                    WIDTH="929"
                    HEIGHT="126">
            <Shape><Polygon POINTS="291 2757 289 2684 738 2684 749 2679 765 2666 765 2666 768 2666 768 2666 770 2666 770 2666 770 2666 773 2666 773 2666 859 2679 888 2682 912 2676 982 2663 982 2663 982 2663 985 2663 1207 2676 1218 2735 1215 2770 939 2767 835 2775 653 2789 650 2789 289 2778"/></Shape>
	    <String CONTENT="l l’on me voit ſouuent trotter,"
                    HPOS="289"
                    VPOS="2663"
                    WIDTH="929"
                    HEIGHT="126"></String>
          </TextLine>

          
          
          <TextLine ID="line_41"
                    TAGREFS="LT817"
                    BASELINE="291 2870 958 2839 1300 2839" 
                    HPOS="283"
                    VPOS="2751"
                    WIDTH="1015"
                    HEIGHT="153">
            <Shape><Polygon POINTS="289 2869 283 2783 420 2797 535 2794 554 2778 556 2775 556 2773 556 2773 559 2773 559 2773 559 2773 562 2773 562 2773 564 2773 564 2773 604 2775 701 2786 768 2786 787 2773 797 2765 800 2765 800 2765 800 2765 803 2765 803 2765 805 2765 805 2765 805 2765 808 2765 808 2765 808 2765 824 2773 835 2778 934 2770 1153 2751 1156 2751 1156 2751 1295 2765 1298 2837 1295 2866 1073 2856 998 2877 993 2880 990 2880 990 2880 987 2880 944 2880 696 2877 650 2890 650 2890 647 2890 647 2890 647 2890 645 2890 645 2890 645 2890 642 2890 570 2874 546 2896 546 2896 546 2896 543 2896 543 2896 543 2896 540 2896 540 2896 540 2896 538 2896 538 2896 527 2896 430 2880 409 2893 406 2893 406 2893 404 2893 404 2893 404 2893 401 2893 401 2893 326 2885 291 2904"/></Shape>
	    <String CONTENT="je n’en ſuis pas pourtant volage,"
                    HPOS="283"
                    VPOS="2751"
                    WIDTH="1015"
                    HEIGHT="153"></String>
          </TextLine>

          
          
          <TextLine ID="eSc_line_cd7b3641"
                    TAGREFS="LT816"
                    BASELINE="173 2880 288 2869" 
                    HPOS="168"
                    VPOS="2807"
                    WIDTH="123"
                    HEIGHT="86">
            <Shape><Polygon POINTS="171 2877 168 2807 222 2829 278 2823 286 2866 291 2874 262 2893 259 2893 256 2893 254 2893 168 2888"/></Shape>
	    <String CONTENT="S"
                    HPOS="168"
                    VPOS="2807"
                    WIDTH="123"
                    HEIGHT="86"></String>
          </TextLine>

          
          
          <TextLine ID="line_42"
                    TAGREFS="LT817"
                    BASELINE="163 2957 1140 2936" 
                    HPOS="157"
                    VPOS="2856"
                    WIDTH="983"
                    HEIGHT="131">
            <Shape><Polygon POINTS="163 2957 157 2888 230 2874 230 2874 232 2874 232 2874 232 2874 235 2874 235 2874 262 2885 278 2893 297 2885 323 2872 323 2872 323 2872 326 2872 326 2872 329 2872 329 2872 331 2872 331 2872 366 2885 382 2890 396 2885 425 2869 425 2869 425 2869 428 2869 428 2869 430 2869 430 2869 430 2869 433 2869 433 2869 436 2869 436 2869 436 2872 452 2882 457 2890 519 2890 530 2882 556 2866 559 2866 559 2866 562 2866 562 2866 562 2866 564 2866 564 2866 564 2866 567 2866 610 2880 674 2864 677 2864 677 2864 679 2864 679 2864 679 2864 682 2864 682 2864 725 2880 733 2882 749 2880 827 2866 827 2866 829 2866 829 2866 829 2866 832 2866 832 2866 835 2866 853 2880 859 2880 966 2880 969 2877 1011 2856 1011 2856 1011 2856 1014 2856 1014 2856 1014 2856 1017 2856 1017 2856 1135 2877 1140 2936 1137 2954 1011 2976 1011 2976 1011 2976 698 2981 696 2981 696 2981 693 2981 693 2981 661 2968 650 2965 621 2970 527 2987 527 2987 524 2987 160 2981"/></Shape>
	    <String CONTENT="Car ie ſçay fort bien m’arreſter."
                    HPOS="157"
                    VPOS="2856"
                    WIDTH="983"
                    HEIGHT="131"></String>
          </TextLine>

          
          
          <TextLine ID="line_43"
                    TAGREFS="LT817"
                    BASELINE="168 3067 1271 3029" 
                    HPOS="160"
                    VPOS="2949"
                    WIDTH="1111"
                    HEIGHT="158">
            <Shape><Polygon POINTS="168 3067 160 2984 246 2979 248 2979 248 2979 248 2979 251 2979 262 2981 315 2997 422 2979 465 2973 465 2973 468 2973 468 2973 468 2973 495 2979 554 2992 583 2979 594 2973 594 2973 594 2973 596 2973 596 2973 599 2973 599 2973 599 2973 621 2976 663 2987 677 2976 682 2970 682 2970 685 2970 685 2970 685 2970 687 2970 687 2970 690 2970 690 2970 690 2970 693 2970 693 2970 693 2970 696 2970 696 2970 701 2976 714 2987 792 2987 827 2976 886 2957 888 2957 888 2957 888 2957 891 2957 891 2957 998 2973 1030 2976 1110 2973 1110 2970 1135 2952 1135 2949 1135 2949 1137 2949 1137 2949 1140 2949 1140 2949 1140 2949 1143 2949 1143 2949 1266 2970 1271 3029 1271 3080 1153 3083 1151 3083 1151 3083 1148 3083 1148 3083 1148 3083 1145 3083 1145 3083 1126 3069 1108 3083 1105 3085 1102 3085 1102 3085 1102 3085 1100 3085 1100 3085 1097 3085 1097 3085 1097 3085 1094 3085 1094 3085 1092 3085 1089 3083 1065 3069 1003 3083 955 3094 955 3094 955 3094 864 3096 861 3096 861 3096 859 3096 859 3096 859 3096 856 3096 837 3085 827 3077 813 3085 792 3096 792 3096 792 3096 789 3096 789 3096 787 3096 787 3096 787 3096 784 3096 784 3096 784 3096 781 3096 768 3085 752 3075 733 3085 712 3096 712 3096 712 3096 709 3096 709 3096 706 3096 706 3096 706 3096 704 3096 704 3096 677 3085 661 3080 484 3080 299 3085 297 3088 267 3107 265 3107 265 3107 265 3107 262 3107 262 3107 259 3107 259 3107 259 3107 165 3088"/></Shape>
	    <String CONTENT="Quand ie rencontre un beau viſage."
                    HPOS="160"
                    VPOS="2949"
                    WIDTH="1111"
                    HEIGHT="158"></String>
          </TextLine>

          
        </TextBlock>
        
        <TextBlock HPOS="1477"
                   VPOS="3052"
                   WIDTH="332"
                   HEIGHT="88"
                   ID="eSc_textblock_89c2150c"
                   TAGREFS="BT2346">
          <Shape><Polygon POINTS="1477 3052 1477 3140 1809 3140 1809 3052"/></Shape>
          
          
          <TextLine ID="eSc_line_c8bdd166"
                    TAGREFS="LT817"
                    BASELINE="1532 3103 1570 3104 1661 3112 1694 3102" 
                    HPOS="1520"
                    VPOS="3037"
                    WIDTH="171"
                    HEIGHT="91">
            <Shape><Polygon POINTS="1531 3102 1528 3043 1678 3037 1691 3099 1689 3115 1547 3128 1544 3128 1544 3128 1544 3128 1541 3128 1541 3128 1541 3128 1539 3128 1539 3128 1520 3112"/></Shape>
	    <String CONTENT="C 3"
                    HPOS="1520"
                    VPOS="3037"
                    WIDTH="171"
                    HEIGHT="91"></String>
          </TextLine>

          
        </TextBlock>
        
        <TextBlock HPOS="128"
                   VPOS="1871"
                   WIDTH="1919"
                   HEIGHT="383"
                   ID="block_1"
                   TAGREFS="BT2324">
          <Shape><Polygon POINTS="2047 1914 2037 2222 160 2254 128 2168 149 1882 1900 1871"/></Shape>
          
        </TextBlock>
        

        
      </PrintSpace>
    </Page>
  </Layout>
</alto>
