2270 3236
237 164 1925 124 de la Nature naiſſent demy blancs & demy noirs, atten¬

234 266 1925 125 dans la venuë de leur Maiſtre, firent vne entrée ſi diuer¬

240 366 1919 124 tiſſante, auec des pas, & des poſtures ſi peu connuës en

242 469 1917 121 ces Regions, que les ſpectateurs reſterent dans vn ra¬

242 574 1917 116 uuiſſement qu’on ne peut exprimer, qui ceſſa toutefois

251 663 1006 127 par l'entrée que fit auſſi-toſt.

340 765 1819 122 Le Grand & inouy Pachacamas Vſapu, Empereur

240 868 1919 118 des terres inconnües, & de la cinquiéme partie du Mon¬

245 968 1914 113 de, informé par la diligence de ſes Eſpions inconnus,

240 1065 1924 121 du voyage que les autres Parties ont fait à cette illuſtre

242 1173 1922 107 Fontaine, croyant de les y rencontrer, y arriua auec vn

245 1270 1922 124 equipage inconnu, & digne de ſa Grandeur; l'habit

245 1375 1917 116 de ce Prince, ſoit par ſa richeſſe, ſoit par ſa mode.

242 1483 1920 97 tout à fait inconnüe dans ce Climas, donna vn merueil¬

240 1566 1922 114 leux diuertiſtement, & brilla auec tant d’éclat, qu’il

240 1671 1843 108 ſembla n’eſtre venu que pour éblouyr tout l'Vniuers.

329 1752 1830 130 On vit apres ſur la Scene vn Chaſſeur, & vn Peſcheur,

242 1860 1914 130 qui bien que piquez de deux differentes paſſions, & ani¬

232 1971 1924 121 mez d’vn deſir totalement opposé, l'vn de depeupler le

234 2068 1922 116 Ciel de Gibier, l'autre de deſerter la Fontaine de Poiſſons,

232 2170 1924 108 ne laiſſerent pas dans cette contrarieté d’humeurs de

234 2273 1917 105 faire vn agreable acord dans leur Balet, & trauailler ſui¬

234 2370 1914 121 uant leurs Genies, chacun à ſa tache, ſans rompre leurs

237 2472 1833 106 figures, qu’ils formerent auec vne iuſteſſe admirable.

331 2586 1814 89 Vn enfariné Plaſtrier de Veleron, & deux enfumez

234 2669 1909 105 Charboniers de Menerbe, concourans au méme deſſein,

240 2772 1900 116 quoy que venans de diuerſes parts, ſe rencontrerent for¬

234 2871 1909 119 tuitement à la Fontaine, & d’vn commun accord, pour

229 2969 1906 118 ne laiſſer perdre inutilement la douce harmonie des vio¬

758 40 1120 119 Les diuers Entretiens

226 62 138 132 10

1989 3041 151 162 lons
