2256 3236
226 32 84 129 4

642 21 1133 111 Les diuers Entretiens.

226 121 1932 162 entrée, jugez auec quelle legereté, puis que ce ne ſont

218 226 529 121 que fantômes.

321 318 1832 159 Dans les plus eſpaiſſes tenebres de la nuit, quatre

226 420 1924 148 vieilles Sorcieres vont faire leur ſabat au bord de la Fon¬

210 517 1940 151 taine, & rendre compre de leurs mal-heureuſes opera¬

205 620 1945 153 tions à celuy qui y preſide; pour faire diſcerner leur

213 722 1937 143 quatriéme entrée, & leur danſe contre-faite de mille

215 819 1927 151 eſpouuentables grimaces, elles ne reçoiuent autre clar¬

215 922 1930 151 té que celle que leut fourniſſoit vn Demon aſſis ſur le

213 1016 1932 140 toict d’vne maſure qui eſt tout joignant la Fontaine, de

210 1127 1935 132 la main, de la bouche, & des yeux de ce Lutin ſortirent

207 1224 1935 135 de flâmes effroyables. Ce fut vn Balet de deſordre &

205 1318 1937 151 de confuſion, puis que celuy qui les eſclairoit en eſtoit le

202 1423 890 122 Pere & le Couſeruateur.

299 1523 1835 146 La Nimphe Echo, dans le profond ſilence de la nuit,

207 1631 1932 146 ſe voyant oyſiue, & ne ſçachant à qui parler, ny à qui

196 1725 1938 146 reſpondre, ſe rendit à la Fontaine, ſous l’eſpoir flateur

199 1828 1932 140 d’y rencontrer ſon cruel Narciſſe, qui toûjours charmé

196 1928 1933 143 de ſa propre beauté, pourroit eſtre venu par hazard con¬

196 2027 1930 127 ſulter le miroir liquide de cette belle eau, & conſiderer

196 2130 1927 140 ce beau portrait de ſoy-méme; où ne l’ayant peu treu¬

194 2227 1929 140 uer elle chercha çà & là cette belle fleur qui naſquit de

194 2327 1927 137 ſon ſang, & prit naiſſance de ſa mort infortunée. Mais

188 2424 1924 135 le mal-heur qui la perſecute continuellement, ne luy

194 2534 1918 133 voulut pas donner cette ſatisfaction. Quoy que la vio¬

186 2623 1926 141 lence de ſa folle paſſion ne luy aye laiſſé que des os, &

191 2731 1921 132 vne voix imparfaite, elle ne laiſſa pas de faire ſon entrée.

186 2823 1924 146 auſſi agreable qu’on la pouuoit deſirer; mais alors, la

186 2923 1916 180 clarté de la Lune commença à pouſſer ſes cornes argen¬
