2270 3236
226 164 1917 138 vie aux mourans, & ſouuent indiſcretement ordonnées,

224 275 709 113 la mort aux viuans.

315 361 1838 135 Le Marquis de la Coque, & ſa chere Baronne de

226 469 1927 124 Quinquampois, ſur quelque indice que deux Capitaines

215 566 1938 127 Bohemiens, Voleurs de leurs ioyaux, auoient pris le

215 668 1938 124 chemin de la Fontaine, & ſur l’eſperance de les y ſur¬

226 768 1933 121 prendre, & d’en faire vne Iuſtice memorable; eſtans ar¬

213 860 1938 124 riuez dans ce delicieux Valon, furent ſurpris par la me¬

215 965 1928 129 Iodie des violons, qui charma ſi bien leur deſplaiſir,

215 1067 1920 133 qu’ayans oublié, & leur perte, & la vengeance reſoluë,

213 1167 1930 130 ils firent vne entrée auſſi croteſque en ſes pas, que bou¬

205 1264 1940 138 fone en ſes habits, elle finit par les témoignages d’vn

213 1372 1927 132 extraordinaire contentement d’auoir paru dans vn

207 1475 1412 121 equipage ſi ridicule, & ſi extrauaguant.

310 1566 1833 130 Europe, la plus belle partie de l’Vniuers, ayant receu

207 1666 1930 140 la celebre Ambaſſade des autres trois, faite par vn San¬

215 1782 1925 113 jac Indien, vn Cacique Affriquain, & vn Sagamos.

205 1871 1927 129 Ameriquain, tous deputez pour rendre à ſa Grandeur,

202 1963 1930 145 les deuoirs à quoy ils ſont annuellement obligez, leur

207 2068 1925 135 veut donner le diuertiſſement de cette miraculeuſe

205 2162 1919 143 Fontaine, où les ayans conduits, dans la tiſſeure du Ba¬

202 2265 1930 137 let elle leur fit voir toutes les raretez du lieu, & com¬

199 2367 1927 138 me par vn prodigieux effort cette Source, qui dans ſa

197 2462 1919 140 baſſeſſe ſemble eſtre comme priſonniere au fonds de

197 2567 1924 126 Cet Abiſme beant, s’eſleue toutefois en de certains temps

197 2667 1916 132 auee vn orgueil ſi impetueux, qu’elle ſemble vouloir

199 2764 1909 137 porter ſa teſte blanchiſſante iuſques au Ciel: le Balet

197 2863 1902 141 finit par les admirations de ces Eſtrangers, & des pro¬

191 2960 1911 157 teſtations à la belle Europe, que ce que la Renommée

234 53 81 141 8

650 51 1126 129 Les diuers Entretiens.
