2262 3209
112 136 1925 120 diligence fit la premiere entrée, ſemant dans la ſalle vne.

112 243 1930 112 infinité de Liures, pour faire comprendre aux ſpecta¬

112 334 1941 131 teurs auec plus de facilité, & le ſujet, & la diſpoſition

107 435 342 126 du Balet.

206 534 1849 118 Deux Illuſtres Capitaines Bohemiens ayans ſçeu le

115 636 1938 120 nouueau Mariage du Marquis de la Coque, & de la Ba¬

109 738 1944 115 rone deQuincampois, & volé ſur la minuit tout ce

117 831 1941 126 qu’il y auoit de plus precieux dans le Chaſteau de la

115 935 1943 113 Coque, vont faire le partage de leur butin à la Fontaine

112 1034 1946 115 de Vaucluſe, aſſeurez d’eſtre hors de tout danger dans

115 1131 1938 117 cette ſolitude tenebreuſe, & à ces heures induës, cha¬

115 1232 1940 115 cun d’eux portoit vne lanterne ſourde; de vous dire

117 1326 1938 120 auec quelle ſoupleſſe ils firent cette ſeconde entrée, il eſt

112 1438 1943 121 ſuperflus, car on ſçait par experience qu’ils ont autant

115 1529 1946 131 d’agilité aux pieds pour danſer, que de ſubtilité aux

120 1649 648 107 mains pour voler.

219 1727 1844 134 Deux petites Bohemienes tendres & jeunes, copies

123 1834 1932 115 de ces deux fameux originaux, firent voir dans la troi¬

120 1930 1941 123 ſiéme entrée qu’elles n’eſtoient pas nouices au meſtier

120 2029 1935 123 de la volerie, elles encherirent par leur danſe inimita¬

125 2131 1831 131 ble ſur toutes les expreſſions les plus aduantageuſes.

222 2224 1836 137 Deux Ardans, vapeurs nocturnes, qui n’abandon¬

125 2334 1936 115 nent iamais les riuieres pour y precipiter les paſſans in¬

131 2425 1932 134 conſiderez, la teſte couronnée d’vn feu eſbloüiſſant,

125 2527 1938 120 donnerent vne mortelle terreur par leur abord à nos

139 2620 1930 142 Voleurs, ils ſçauoient que malgré leur reſiſtance ils ſe¬

128 2732 1941 118 roient traiſnez par ces Spectres bruſlans dans quelque

139 2821 1932 139 precipice, ce qui les forca de ſe deſrober ſubtilement

139 2917 1930 144 A leur veuë, laiſſans faire à ces Eſprits Folets la quatriéme

313 10 1518 126 de la Fontaine de Vaucluſe.

1980 88 70 85 3

1515 3016 67 136 B
