2241 3236
202 172 1914 173 danſer, & leur: faire voit les merveil¬

202 323 1928 186 Ieuſes decorations du Theatre, nous

202 506 1914 125 auons creu d’y auoir entierement ren¬

199 628 1926 183 contré voſtre ſatisfaction, & que ce

199 792 1936 143 diuertiſſement que nous donnions au

191 941 1928 145 public, & que nous prenions pour

194 1070 1933 154 nous meſmes, auoit eſté digne de

202 1200 1931 194 voſtre approbation. Ce qui nous a

191 1367 1928 137 donné la hardieſſe de publier ſous

202 1488 1923 202 voſtre Nom ſi precieux à tous les

204 1658 1912 159 peuples de cette Prouince, & ſon ſu¬

199 1814 1923 146 jet & ſon Œconomie pour en inſtruire

188 1952 1920 159 les Eſtrangers. Nous ne ſommes pas

186 2095 1922 148 ſortis hors des limites de voſtre Gou¬

191 2240 1920 157 uernement (MONSEIGNEVR) pour

180 2383 1928 154 former noſtre deſſein; la Fontaine de

202 2526 1896 162 Vaucluſe (pour qui la Nature ſem¬

188 2677 1907 143 ble s’eſtre ſurmontée en toutes cho¬

183 2828 1920 154 ſes) nous en a donné la matiere,

188 2974 1907 162 voſtre chere preſence nous a animez

763 35 830 148 EPISTRE.
