2860 4340
1147 394 1064 141 Cõment le roy florus mena guerre

1129 481 1003 195 aux maximiens et aux rõmains.

662 2150 224 212 E

872 2144 1796 109 t quãt il se uit ainsi aime de sa gent il lui print uoulẽte de guer

876 2217 1788 148 royer les maximiens et les rõmains. Lors mãda ses gens de

662 2311 2009 133 toutes pars ⁊ qͥlz uiẽsissent armez ⁊ appareillez pour les mener la ou

658 2415 2017 120 il lui plairoit. Lesquelz obeirent a leur seigneur ⁊ uindrent baros̃ che

651 2502 2024 123 ualiers ⁊ escuiers tant qu il suffisoit. Et quãt ilz furẽt assẽblez le roy

666 2585 2005 131 les mena cõtre les maximiẽs ⁊ les rõmaĩs ⁊ leur fist tres forte guerre.

669 2676 2002 130 ⁊ y mourut grãt quãtite des maximiẽs ⁊ rõmains. Mais en la fin d

662 2788 2002 112 ẽnuya a toꝰ les barõs ou a la plus grãt partie ⁊ lui faillirẽt a son be-

662 2864 2009 130 soing. Et quãt les maximiẽs le uirent despourueu de gẽs d armes ilz

673 2965 2005 123 lui coururẽt sus dõt il fut fort esbahy et l ont assiege en ung sien cha

673 3056 2002 112 stel le plus fort de sa terre ou l emꝑeur mesmes tenoit le siege tout au

669 3139 2009 123 tour ⁊ y fist durãt ce tẽps plusieurs assaulx ⁊ enragoit tout uif qu il ne

662 3233 2006 152 le pouoit auoir. ⁊ fist sermẽt qu il les feroit tous pendre s ilz ne se ren-

669 3338 2002 108 doient. Mais nõobstant toutes ses menaces se tindrẽt demy an con

669 3417 2009 196 tre lui ⁊ se deffendoient uaillãment mais a la fin le roy florus et ses
