2893 4335
777 1925 1924 159 S ensuyt la tres louable et recõmandable uie auecq̃s les miracles

701 2001 1920 195 de mon seigneur sainct martin translatee de latin en francoys.

1001 2210 1429 152 Sit trinitati gloria martinus ut confessus est

1081 2387 1634 141 Loire et hõneur pardurable soit la celeste trinite; ung

1081 2463 1642 156 dieu en troys personnes; et ce petit cuure aggreable se

1102 2564 1606 152 ingratitude est a fuyr et enfuyr recognoissance, est

679 2427 427 387 G

1095 2647 1609 138 bien raison q̃ ie mette uigueur et force a faire quelque

701 2738 2000 152 seruice a celui qͥ par tant de fois m a aide et secouru en mes necessitez

712 2821 1996 173 C est au pasteur de rectitude, mirouer des euesq̃s, archeuesq̃s ⁊ pairi

712 2918 2000 159 arches moseigñr saint martin arceuesque de Tours; remply de bea

708 3009 2004 162 titude. du q̃l selon la petitesse de mõ engin ueil descripre la haultesse

701 3099 2014 177 de sa uie; et les miracles qu il a faiz, tãt en sa uie q̃ apres sa mort; ainsi

719 3186 1996 166 qu il est trouue de ceulx qui de lui ont escript. Et sachez que riens n y

726 3280 1986 159 uueil mettre du mien, mais ensuir la lettre des peres et clers anciẽs

719 3381 1996 238 de ses faiz. et cõme ainsi soit q̃ saĩct sulpice ait fait ung liure cõtenãt
