2904 4296
239 354 2041 157 me uous auez ouy. Et en celle uille a eu depuis et a encores une ab-

239 468 2045 144 baye de moines qͥ õt tousiours demene moult sainte uie Or fut cest

239 562 2041 139 enfant martin biẽ endoctrine et enseigne par sainct paule leq̃l se hu-

239 662 2045 136 milia moult fort ẽuers lui Et sachez pour uray que du iour de la pas

236 737 2044 147 sion de nrẽ seigneur ihũ crist iusq̃s au iour de la natiuite du dit martĩ

236 848 2044 115 auoit troys cens soixante et quatre ans. Ap̃s ce que le dit martin fut

239 923 2041 143 bien enseigne et endoct̾ne par sainct paule cõme dit est, le roy florus

236 1009 2037 147 son ayeul ala de uie a trespas cõme uieil hõme qu il estoit. Si reuint

239 1124 2038 132 la terre a florus son filz qui en fut p̃uost et non pas roy cõme il auoit

236 1217 2037 125 este ordonne a la deliurance de son pere le roy florus Ce preuost flo-

232 1303 2038 132 rus gouuerna bien sa terre et maria ses freres bien grandemẽt des

239 1385 2034 147 quelx yssirent les sept dormãs comme dessus est dit. Ces choses fai-

232 1478 2038 147 ctes florus mena son filz martin a constans filz de l emꝑeur constan

232 1582 2041 129 tin qui regna ap̃s lui qui le receut grandement ⁊ notablemẽt ⁊ le fist

232 1671 2041 147 cheualier ap̃s ce qu il eut seruy cinq ans entiers. Apres ce se departit

225 1764 2045 133 martin de l emꝑeur et s en uint en hongrie ou il se gouuerna bien et

225 1840 2048 129 sainctement et seruoit dieu deuotement et se fust uoulẽtiers mis en

225 1929 2045 158 hermitage, mais sa ieunesse ne l eust ẽcores sceu souffrir. Tous les

225 2044 2045 111 iours alloit offrir au moustier et ouir la messe Ne ia ne fist ꝓmesse

225 2112 2048 164 a nul qu il ne lui tiensist iustement. Et quãt il auoit quelque bien il

229 2226 2051 111 l emploit en oeuures de charite et de misericorde. donnoit uoulen

225 2312 2045 151 tiers au poures. ceux qui estoient nudz reuestoit. ceulx qui estoient

229 2402 2034 132 prisonniers deliuoit. et ne retenoit riens que tout ne donnast aux po

225 2495 2041 147 ures ne iamais ne pensoit du lendemain. Pour le seruir auoit ung

222 2595 2044 132 ieune escuier a qui maintesfois il torchoit ses solliers et les lui ostoit

222 2695 2051 111 des piez ⁊ appareilloit le menger aucunes fois et n auoit que quinze

222 2774 2058 136 ans quant il fut fait cheualier Il estoit humble doulx et benign ⁊ cha

218 2864 2070 132 ritable a les cheualiers. Pacient, large, habandonne et tant que plu-

222 2949 2065 163 sieurs disoient qu il desseruoit mieulx auoir le nom de moyne que de

214 3039 344 211 cheualier

1947 3422 187 226 a iiii
