2928 4341
814 423 1654 126 ⁋ Cõment la nuyt ensuiuãt sainct martin estant en son

799 513 1278 149 lit lui apparut iesu crist uestu du manteau.

636 2123 268 222 L

893 2119 1799 134 a nuyt ẽsuyuãt q̃ martĩ auoit dõne la moytie de sõ manteau

879 2199 1817 137 au poure; aĩsi qͥl estoit ẽdormy, nrẽ seigñr qͥ riẽs n oublie des

655 2279 2037 151 bñs qu õ fait en ce mõde pour l amour de luy des saĩcts cieulx s appa-

644 2380 2052 152 rut a lui uestu de la moytie du mãteau qͥl auoit dõne au poure et lui

640 2467 2056 166 dist aĩsi Martinꝰ adhuc cathecuminꝰ hac me ueste ꝯtexit C est a dire

644 2561 2048 159 Martin tu m as reuestu de ce uestem̃t. Martĩ en ceste uisiõ s esueilla

651 2658 2038 149 ⁊ ap̃s qͥl fust esueille se mist a genoulx en rendãt graces a dieu. Ne õc

651 2749 2038 141 ques ne s en orgueillit ne ne s en uenta a nulle ꝑsonne du mõde mais

647 2836 2045 152 le tint secret en son cueur et se pensa a luy mesmes qu il n estoit point

651 2926 2045 156 baptize si dist qͥl yroit ou pays ou il auoit este nourry et ẽdoct̾ne et se

651 3009 2034 170 feroit baptiser ꝑ saĩct paule et iamais ne fineroit d aller tãt qͥl y

651 3107 2048 152 fust. ⁊ q̃ qͥ n est baptise n ẽtrera poĩt ou royaume de ꝑadis Si le partit

655 3205 2041 152 d amiẽs ⁊ prĩt sõ chemĩ uers sõ pays ⁊ ala tãt ꝑ les iournees qͥl arriua

647 3291 2045 152 ou pays ou il auoit este nourry ⁊ ẽdoct̾ne ⁊ uĩt deuers saĩct paule le bõ

647 3382 2049 152 arceuesq̃ de ꝯstãtinoble qͥ le receut a grãt ioye ⁊ fut moult ioyeulx de

636 3476 1998 199 sa uenue Si lui reqͥst martin q̃ sõ plaisir fust lui dõner baptesme
