2898 4296
343 404 1652 136 ⁋ Cõment sainct martin auant son baptesme departit

365 508 1293 208 son manteau au poure a la porte d amiens.

415 2119 1866 154 uant il fut pres de la porte pour entrer en la cite d amiẽs si en

419 2219 1862 165 contar une poure creature toute nue qͥ demãdoit l ausmosne

204 2132 229 259 Q

214 2327 2060 132 a ceulx qui passoiẽt par la rue Mais chñn passoit sans riens lui dõ-

218 2405 2060 136 ner. Sainct martin uit le poure qͥ auoit mieulx la stature d un mort

218 2506 2053 143 que d un uif. Lors eut pitie de lui et pensa que s il lui donnoit quelque

211 2584 2056 136 chose qu il feroit bien. mais il n auoit gueres que lui donner fors seu

214 2681 2053 129 lemẽt son manteau de cheualerie qu il portoit. Et pour ce lui couppa

218 2767 2045 136 de son espee la moytie de son mãteau Dont plusieurs se sõt mocquez

211 2846 2056 164 quãt ilz ne lui uirent que demy manteau Ẽt les aucũs en plouroiẽt

207 2939 2053 157 de pitie de ce qͥlz ne faisoiẽt pas le cas pareil des belles robes dont tãt

211 3025 2052 171 auoient en leurs maisons Et cecy est conferme a la saincte escriptu-

214 3125 2049 154 re qui dit que qui donne a la creature tant soit uille et meschante au

207 3222 2056 146 nom de dieu on le fait proprement a dieu. Martin passa oultre lui et

218 3322 2045 197 son escuier, et ne fist nul semblant des mocqueries du peuple, et le

214 3440 452 254 loga en la cite.
