2910 4308
215 376 2033 126 gens considerãt qu il n auoiẽt pas pouoir de gẽs pour eulx deffendre

215 455 2033 130 contre l emꝑeur se rendirent saufz leurs uies et leurs biẽs. Et quant

215 549 2030 136 ils se furẽt renduz l emꝑeur fist prendre et lier le roy florus de hõgrie

215 635 2030 136 et les freres aussi ⁊ les enuoya a rõme a dioclecien qui les fist mettre

215 743 2026 118 en chartre obscure fort liez ⁊ bien gardez qu ilz ne eschappassent de la

219 818 2019 140 prison en laq̃lle ilz furẽt lõg tẽps et tant q̃ dioclecien aduisa que le roy

211 919 2023 136 florus et ses freres ne lui pouoient gueres nuyre puis qu ilz estoient

208 1008 2023 122 en sa prison. Si lui manda q̃ s il uouloit laisser a l empire les places

215 1102 2012 122 uilles citez ⁊ chasteaulx ⁊ q̃ d iceulx fist hõmage a l emꝑeur ⁊ en auroit

219 1188 2004 133 la souuerainete et ne seroient pas les filz appellez roys mais preuost

204 1278 2019 129 et icelle p̃uoste tiendroit de l empire, par ce les deliureroit. Lors le roy

211 1371 2016 129 florus et ses freres pour eschapper de la prison l octroyerent en ceste

208 1468 2019 118 maniere que uous auez ouy. Dont l emꝑeur en mourut depuis de

208 1561 2015 129 mauuaise mort et a tres grãt honte. Car il fut estrangle du diable cõ

204 1651 1606 115 me il est contenu es liures des empereurs de romme

197 1755 244 218 L

438 1737 1789 140 ong temps ap̃s la deliurance du roy florus de hongrie mou-

431 1830 1796 133 rurent dioclecien et maximien empereurs de romme; et ap̃s

197 1920 2026 133 receut l onneur de l empire constantin deuers lequel le roy florus alla

204 2035 2019 104 et y mena florus son aisne filz qui furẽt receuz de l emꝑeur et de tous

201 2118 2022 122 les barons bien dignemẽt. Et fut l enfant florus bien loue de toute

194 2211 2033 133 la court. Si en uindrent les nouuelles a l empereur qui pour la bõte

201 2311 2022 126 de l enfant et de son lignage lui donna sa niepce a fẽme et le fist luy

208 2398 2019 129 mesmes cheualier, lui seignist l espee, lui donna l acollee et le fist pre

204 2480 2016 133 uost de hongrie cõme il auoit este ordonne a la deliurance du roy flo

201 2577 2022 126 rus. Ap̃s qu il eut este cheualier et q̃ les nopces furent faictes a grãt

197 2678 2026 125 ioye et a grant liesse s en retournerent en hongrie ou le roy florus fe-

197 2757 2030 140 stoya sa fille et son filz grãdement. Lesquelz ne furent gueres ensem

194 2850 2040 140 ble que la dame conceut ung beau filz que le pere fist nomer par son

186 2947 2041 140 nom. et eut nom florus. Lequel enfant estoit tant beau et gracieux

197 3047 2026 126 qu il plaisoit a tout le mõde et n y auoit nul q̃ fust pareil a lui en nul-

194 3126 2029 144 le maniere du monde Cest enfant fut ne en sabarie en une uille nõ

197 3234 2033 123 mee panõnie Et puis fut nourry en une cite nommee papye qui est

204 3313 334 237 en ytalie

1950 3320 140 151 a iii
