2877 4358
839 464 1474 171 ⁋ Cõment sainct martin print conge de son pere

889 548 1076 218 et de sa mere pour uenir en france.

613 2235 258 223 L

853 2149 1820 182 ors se departit de son pere ⁊ de sa mere ⁊ prĩt cõgie d eulx car il

857 2248 1820 192 lui prĩt uoulẽte d aler en frãce Et aĩsi q̃ luy ⁊ sõ escuier aloiẽt

617 2331 2045 203 par le pays Il aduĩt ung iour q̃ martin se print a pẽser en la doct̾ne q̃

617 2422 2052 196 le bõ hõme sainct paule lui auoit enseignee et lui souuint de dieu ⁊ cõ

621 2513 2052 199 mẽt sainct paule lui auoit dit qu il auoit souffert mort et passion en

628 2611 2049 199 l arbre de la croix Lors se descendit de son cheual et par grãt deuocion

635 2701 2034 226 en ayant remembrance de la saincte croix alla embrasser une grant

639 2800 2034 203 roche; et par la u̾tu de dieu mist ses mains dedens la dicte roche telle-

639 2887 2038 192 ment que les mains y parurent et y pairent encores, et en ce lieu la y

639 2988 2038 178 fut fõdee une eglise nommee la mesure sainct martin Et y est adue-

639 3061 2041 222 nu de grans miracles, car ceulx qͥ estoient malades et boutoient les

642 3166 2024 204 mains au lieu ou le benoist martin mist les siennes estoient gairiz.

661 3261 2016 199 Et pour les miracles qui y aduiennẽt ceulx du pays ont grant reue

650 3355 2016 204 rence a mon seigneur sainct martin. De la se partit martin et alla

653 3450 1947 247 tant par ses iournees qu il arriua a la cite d amiens en picardie
