2881 4313
449 380 1507 144 ⁋ Cõmẽt saĩct paule arceuesque de cõstãtinoble

535 478 1141 172 baptise mon seigneur sainct martin.

179 2066 252 272 S

406 2116 1819 130 ainct paule lui accorda ⁊ le baptisa ⁊ a celle heure n auoit mar-

402 2206 1810 130 tin q̃ dix huit ãs Et ap̃s qͥl fut baptise il s ẽ ꝑtit ⁊ lui pesa moult

201 2307 2003 122 de sõ pere ⁊ de sa mere qͥ n estoient xp̃iens ne baptisez. Mais pour le

212 2390 1992 125 pñt ny pouoit mettre remede. Et en ce tẽps les sarrazĩs guerroyoiẽt

212 2487 1992 125 fort iulien l apostat Leq̃l iulien auoit moult a faire de cheualiers Si

212 2569 1989 126 leur fist mander ꝑ l empire que tous uiensissent a ses souldees. Les

201 2670 2003 119 nouuelles en uĩdrẽt a martin si en fut moult dollant. car il auoit biẽ

201 2753 2003 129 sa pẽsee ailleurs. Neãtmoins le mist a la uoye ⁊ uĩt deuers l ẽꝑeur et

201 2839 2007 151 luy requist qu il luy uoulist dõner congie d aller esbatre. car il estoit

197 2961 2007 101 encores trop ieune pour batailler. Mais õcques ne lui uoulut dõner

197 3040 2004 122 congier ⁊ lui dist q̃ tout son fait estoit faintile ⁊ couardise ⁊ q̃ la paour

201 3126 2003 141 qͥl auoit lui faisoit ce faire Lors lui pria de rechief qͥl lui dõnast cõgie

197 3220 2004 126 car il s estoit dõne corps ⁊ ame a seruir dieu  ⁊ qͥl estoit fol de s ẽ debatre

212 3324 1992 338 ne ia ne cõbatroit pour lui ⁊ qͥl estoit suldoyer soubz ihũ crist. A donc
