2880 4308
175 359 2015 140 uingt et six chappitres par leurs tiltres tres bien diuisez; esquelz sont

172 455 2014 137 contenuz les faiz et merueilleux miracles de sainct martin ains qu il

172 549 2011 111 mourust si dieu plaist ⁊ luy me aider ie poursuyuray ma matiere au

183 653 757 111 mieulx que ie pourray

171 736 220 224 O

369 743 1817 115 u temps q̃ dioclecien et maximien tenoiẽt l empire de romme

369 825 1817 122 lesq̃lx estoient payens et sarrazins tres cruelz et ne se fasoient

165 908 2014 140 poĩt aymer des haulx barons de son empire pour leur cruaulte; dõt

168 1008 2022 126 plusieurs barons se rebellerent cõtre eulx qui gueres ne les amoient

168 1087 2015 126 Et oultre les autres seigneurs le roy de hongrie qui estoit ieune sei-

168 1184 2015 140 gneur qui auoit nom florus lequel auoit receu la dignite du royaul-

165 1299 2025 119 me n auoit gueres par la mort du roy aumer son pere qͥ la t̾re auoit

165 1371 2018 136 tenue paisiblement ⁊ tous leurs deuãciers aussi. Ce ieune roy florus

165 1457 2021 147 auoit nom martin ⁊ l autre aumer. Si fut aduise par tous les barõs

165 1558 2025 132 de sa terre pour auoir lignee qui tiendroit la terre ap̃s luy. Si firent

168 1662 2026 111 tãt qu il eut a fẽme brichilde fille au roy de cessonnie; auecq̃s laquelle

154 1730 2036 133 il fut long tẽps ⁊ d icelle yssirẽt troys beaulx filz dont l aisne eut nom

161 1838 2033 111 florus cõme son pere. Et d iceluy yssit mõ seigñr sainct martin cõme

175 1945 2015 101 uous orrez cy ap̃s. Le second eut nom hilgrius et le petit eut nom au

165 2021 2029 136 mer cõme son grant pere auoit nom. Les deux seconds enfãs hilgrin

165 2107 2025 140 et aumer oncles de mõseigñr sainct martin furẽt mariez a deux no-

168 2218 2022 119 tables dames de grãt lignage, desq̃lz yssirẽt les sept dormãs cousins

172 2311 2011 108 de mõseigñr sainct martin; desquelz sept ie uous declareray les nõs,

183 2394 2000 122 De hilgrin yssirent quatre; dont le p̃mier auoit nom climent. Le se-

175 2487 2011 126 cond primus le tiers theodore. et le quart letus. Et de aumer yssirent

168 2581 2015 122 troys autres, dequelz l un auoit nom gaudent; l autre kyriace, et le

168 2670 2022 126 tiers innocent. Ces sept enfans furent saincts et de bonne uie cõme

165 2767 2021 108 ie uous declaireray plus a plain cy ap̃s en ensuyuãt l ystoire. Mais

168 2854 2026 129 de ceste matiere laisseray a parler; et retourneray au roy florus, qui

161 2936 2029 137 lors faisoit de son royaume et de la gent a la uoulente. Car il estoit

165 3033 2025 133 doulx et courtoys. Et pour ce tout son peuple l aymoit ⁊ luy obeissoit

172 3144 2011 108 tant qu il estoit possible; ne nul de son pays ne luy contredisoit pour

168 3213 812 229 la bonte qui estoit en luy.

1842 3209 143 237 a ii.
