2860 4358
777 403 1712 170 ⁋ Cõment sainct martin fut endoctrune par sainct paule

817 493 1556 229 l arceuesque de constantinople en la foy catholicque.

631 2177 226 205 Q

846 2164 1821 127 Uant cest enfant eut dix ans si fut tant bel que merueilles.

843 2233 1828 149 ne nul ne s appareilloit a lui de bonte Et combien que son pe

632 2338 2035 127 re fust arrien si estoit il chrestien en son cueur et fist tant que son pe-

632 2425 2009 153 re et sa mere luy donnerent congie pour uenir en constantinoble.

632 2498 2042 167 car il auoit ouy nouuelles du bon sainct paule arceuesque de constã

643 2611 2028 141 tinoble Et lors se partit de son pere et de sa mere et print cõge deulx

632 2694 2042 160 Lesquelz plourerent fort pour le departement de leur filz et le regret

646 2800 2035 130 toit fort la mere. Et auoit grant paour qu il eust mal. Cest enfant

646 2887 2035 159 fist tant par ses iournees qu il uint a constantinoble. Auquel lieu il

654 2988 2027 127 trouua paule l arceuesque qui le receut grandem̃t et fut bien ioyeux

654 3079 2027 124 de la bonne uoulente de l enfant. Et l endoctrina et enseigna en la

657 3148 2017 171 foy catholicque; et lui monstra tous les articles de nostre foy. lequel

657 3246 2017 167 estoit fort songneux d apprendre et retenir ce que sainct paule lui mõ

657 3348 2021 142 stroit; Si lui mua son nom de florus a martin. Le bon enfant mar-

672 3439 2013 192 tin ne le cela pas, aincois le dist par toute panõnie dont il fut ne cõ-
