3762 5676
794 643 1269 170 uehemente application de couraige a-

804 737 1259 147 uec souuerain desir et grande uoulen-

809 818 1263 156 te a faire aucune euure honneste. Pour

809 912 1258 147 ce qu il dit, par mon estude florissant.

813 988 1259 166 est assauoir que c est par une similitude

818 1078 1254 161 Car cõme par la doulceur du printẽp ᷤ

818 1177 1259 147 les arbres florissent; et quant la cruel-

823 1262 1259 161 le gelee et l austerite d yuer si boute; el

813 1362 1264 151 le corrode et brule toutes les fleurs. ain

818 1437 1259 171 si boece ou tẽps de sa prosperite par sõ

818 1532 1264 151 estude produisoit fleurs; c est a dire dit-

818 1627 1268 142 ties plaisans et ioyeux; Mais la cruel-

818 1707 1268 151 le gelee du temps de son aduersite lui

823 1797 1263 156 osta ⁊ brula toutes ses fleurs et plaisã

828 1892 1263 156 ces par quoy il dit qu il est contrainy cõ-

828 1996 1230 141 mencer douloureux ditties et tristes.

832 2067 1264 151 En la seconde partie de son p̃mier me

823 2152 1268 165 tre Boece monstre la cause directiue qͥ

837 2265 1259 142 le drece ⁊ esmeut a commencer metres

828 2346 1268 151 tristes; en soy complaignant enuers le ᷤ

832 2440 1254 147 sciences poeticques desquelles il sou-

832 2535 1269 137 loit user. Et en ce faisant il Respond a

832 2615 1269 147 une taisible question qui luy pourroyt

832 2705 1264 137 estre faicte; Car aulcun lui pourroit de

832 2809 1269 142 mãder. O boece qui dressera ou esmou

823 2894 1278 128 uera a escrire ces mettres tristes. Il Re

828 2979 1268 156 spond et dit ainsi. Certes uecy les sci-

828 3083 1268 123 ences et muses poeticques me sont as-

828 3150 1273 156 sistentes chantans doulcement lesquel

837 3244 1259 142 les medittent souuent les parolles q̃

837 3339 1268 128 ie doy mettre par escript couuenables

837 3443 1259 123 a mes douleurs plaindre et lamenter.

842 3523 1254 147 Lesquelles muses me esmeuuent ⁊ ad-

842 3604 1254 127 monesent tant a ce que ie arrouse tout

837 3689 1268 142 mon uisaige de pleurs et de larmes nõ

847 3793 1268 142 pas larmes faintes; mais uraye. Pour

842 3888 1263 127 quoy est a noter que Boece appelle les

842 3954 1273 151 dessus dictes sciẽces Camenez. qͥ uault

842 4053 1273 137 autant a dire comme chantans doul-

842 4157 1273 123 cement; et sont sentences delectables

847 4242 1258 123 desquelles les unes sont entiers com-

847 4332 1263 128 me les sentences de phisicque et de the

856 4432 1254 104 ologie tissues par tres efficaces Raysõs

851 4507 1259 114 et ĩdissolubles uerite; ⁊ en icelle ᷤ est trou

847 4588 1268 198 uee la uraye consolation; les autres sõt

1717 444 578 170 Le premier liure

2176 605 1280 151 deschirees c est assauoir les poeticque ᷤ fi

2181 695 1278 156 xion cousues de faulsete entre les urai

2186 799 1277 132 es choses, et en icelle n est pas la uraye

2190 884 1269 142 consolation mais tant seullement ap-

2181 960 1159 156 parente comme il apperra cy apres.

2200 1059 1268 151 Note en oultre qu il est deux maniere ᷤ

2205 1135 1263 156 de pleurs; les ungs sont pleurs faĩctz

2205 1243 1263 133 et deceptifz comme les pleurs des fẽ

2200 1333 1017 119 mes; desquelles iuuenal dit.

2205 1423 1263 142 ⁋ Flet si lacrimas respicit amici, nec

2205 1513 1263 133 dolet. C est a dire que la femme de sa

2209 1594 1259 156 nature pleure selle Regarde les larme ᷤ

2209 1693 1264 132 de son amy ⁊ toutesfois elle ne se deult

2214 1787 1254 138 point. Et ouide a ce propos ou liure du

2219 1877 1244 133 Remede d amours dist. ⁋ Neue pu-

2209 1962 1259 128 ellarum lacrimis moueare caueto. Ut

2219 2038 1254 166 flerẽt oculos erudiere suos. Qui uault

2219 2147 1263 142 autant a dire Garde toy que tu ne soy

2219 2242 1263 141 es esmeu de folle amour ꝑ larmes des

2224 2331 1258 138 pucelles, car elles ont enseignie leurs

2224 2402 1249 166 yeulx a pleurs affin q̃lles puissẽt plou-

2224 2511 1263 133 rer quant il leur plaist; Ces manieres

2214 2582 1278 137 de pleurs exclud Boece quant il dit de

2224 2686 1263 152 urays pleurs et larmes prouenans de

2224 2781 1263 142 la tres parfonde affliction du cueur, et

2224 2871 1263 146 telz pleurs sont appellez urays et nom

2224 2965 1268 147 pas fains ou deceptifs. Et pour ce que

2224 3055 1268 133 aulcun pourroit dire O boece il sẽble

2228 3150 1259 127 que les sciences poeticques ne prouffi-

2228 3244 1269 128 tent de riens comme toy mesme ᷤ les ap

2219 3325 1263 137 pelles deschirees. La solution de ce-

2228 3419 1259 137 ste question est donnee par ce qui est dit

2228 3509 1264 118 ou texte. Tant ay ie au moins de com

2228 3585 1273 151 paignie; comme s il uaulsist dire i a soit

2224 3679 1273 133 ce qu elles soient deschirees, touteffoi ᷤ

2228 3784 1278 146 si sont elles a requerir et digne d estre

2228 3859 1278 133 appelleez pour leur loyalle assistence;

2238 3968 1273 132 Car plusiers de mes amys abatus et

2228 4044 1278 137 prosternez par crainte m ont fouy et es-

2228 4134 1269 141 longnie; mais icelles sciences m õt tous

2233 4223 1273 147 iours poursuyui et acompaignie en toꝰ

2233 4323 1282 132 lieux ne onques ne furent abatues par

2233 4417 1281 94 aucune crainte ⁋ A ce propos concorde

2233 4502 1287 147 ouide ou quart liure des tristes ou il dit

2243 4597 1277 180 ⁋ Me quoqz musa leuat potitum an
