3841 5579
813 618 1265 158 est on peche, par son uiaire. Comme se

818 720 1255 130 il uoulsist dire cest chose tres difficille.

823 813 1255 140 Et ce se fait conuenitement, car les pu

823 901 1250 131 issances des ames ensuiuent la natu-

827 990 1251 121 relle inclination de la complexion des

827 1069 1246 135 corps esquelz elles sont contenues cõe

827 1162 1246 130 dit le phylosophe au commencemẽt de

827 1245 1246 145 sa physonomye. Auec les aultres do-

827 1359 1242 105 cteurs s accorde Alain qui dit.

827 1431 1246 121 In uultu monstrature copia mentis

837 1524 1250 131 ⁋ Nam uultus noster liber est et littera

832 1599 1255 130 cordis. Nuncius interpres uerax animi

841 1696 1242 126 qz figura ⁋ L abondance de la pensee

841 1794 1242 112 est monstree en la face Car nostre face

841 1859 1232 135 est la lettre et liure de nostre cueur mes

841 1957 1246 125 sagiere interpreteresse et uraie figure de

846 2040 1241 131 nostre couraige. L ecclesiastiq̃ a ce mes-

850 2138 1237 116 mes propos dit. La sapience de l hom

846 2226 1241 121 me reluist et se monstre en sa propre fa

846 2305 1246 126 ce. Aussy par la face de philosophie, il

846 2394 1246 130 entend les parolles, sermons, ⁊ operati

855 2496 1228 116 ons des philosophes; car par icelles o-

850 2584 1237 131 perations et paroles ilz sont congneus

846 2659 1246 125 et tenus pour philosophes. L euangeli-

850 2756 1233 135 ste nous tesmoingne ceste chose en di-

846 2845 1246 125 sant ⁋ A fructibus eorum cognoscetis

846 2938 1241 116 eos. C est a dire que uous les congnoi-

846 3017 1241 135 stres a leurs fruictz et operations. A ce

846 3119 1241 126 propos le philosophe ou quatriesme li-

846 3207 1246 112 ure de ethiques dist ainsi. ⁋ Qualis

846 3296 1241 107 unus quisqz est talia dicit ⁊ talia ope-

850 3370 1242 121 ratur. Qui est autant a dire en francoi ᷤ

855 3458 1237 121 ung chascun dit et fait telles choses

850 3547 1237 116 quel il est; si comme ung uertueux par-

850 3640 1237 125 le de uertus; et les met a executiõ. Et

850 3719 1237 121 le uicieux parle des uices, ⁊ se delitte

850 3812 1242 121 en iceulx. En oultre notez que boece ap

850 3905 1237 121 pelle la face de philosophie ou de ses

841 3984 1237 135 philosophes reuerente; C est a dire de

846 4077 1237 125 uoir estre honouree. Pourquoy Seneq̃

860 4174 1232 121 dit ⁋ NunꝘ nequicia uultui tantuz

850 4263 1237 116 cõualescit; quin nomẽ philosophi habe-

855 4346 1237 117 atur sanctum .⁊c. Iamais malice n eut

855 4435 1228 130 tant de conualescence en la face d au-

850 4518 1237 177 cun philosophe; que le nom de philoso-

1864 450 572 145 Le premier liure

2180 622 1265 131 phe ne fust tousiours tenu pour saint ⁊

2190 715 1246 126 honnourable. Ou dis icelle estre de re

2190 795 1251 125 uerente face; C est a dire de face re-

2190 874 1251 134 doubtable; car en la presence et cõgnois

2194 971 1251 135 sance des philosophes; ung chascun se

2199 1069 1251 116 rougist et les redoubte. Comme nous

2204 1152 1246 126 lisons d alexandre; lequel redoubtant

2199 1245 1256 117 la face de son maistre aristote detour

2180 1320 1270 144 na humblement ses yeulx arriere du re

2199 1408 1251 149 gard et face de son dit maistre. Et pour

2199 1506 1260 125 la grande reuerẽce que portoit seneq̃ en

2199 1594 1251 121 son uiaire laquelle le cruel neron sõ di-

2199 1664 1256 153 sciple tousiours redoubtoit et se uergõ

2199 1766 1265 135 gnoit de sa presence affin qu il uesquist

2199 1864 1260 130 plus franchement et sans redoubter ꝑ

2204 1952 1260 126 sonne; il osta la uie a son maistre. mais

2199 2027 1260 144 pour ce que telz uiayres peuent estre e-

2204 2124 1251 135 stimez redoubtables comme ilz confun

2199 2217 1265 116 dent plus par paour les hommes qu ilz

2204 2301 1255 121 ne les instruisent; pour ce boece y adiou

2199 2385 1265 139 ste modereement. ⁋ Texte

2199 2482 1265 121 Les yeulx ardans et parfaictem̃t clers

2199 2575 1265 116 uoyans oultre la commune puissance

2204 2650 1255 130 de la ueue des hommes de uiue cou-

2199 2743 1139 125 leur et de inconsumptible uigeur.

2208 2835 1256 117 Glose. ⁋ Quartement est a noter q̃

2199 2924 1260 135 philosophie a deux yeulx par lesquelz

2204 3012 1255 126 elle contemple toutes choses c est assa-

2204 3096 1260 125 uoir rayson et entendement. Rayson

2208 3189 1251 130 par laquelle elle cõgnoit les choses cor

2204 3277 1251 126 porelles. Entendement par lequel el-

2204 3365 1255 126 le congnoit les choses incorporelles, et

2204 3458 1260 121 et les substances separees et ces deux

2208 3547 1260 135 yeulx sont si affin; que l un ne peut sans

2208 3630 1251 135 l autre. Et ainsi comme les yeulx na-

2204 3719 1260 125 turel; aournent et enluminent la face

2204 3807 1264 126 de l homme; ainsi rayson ⁊ entendem̃t

2204 3891 1260 135 enluminent la face de philosophie; c est

2213 3998 1255 111 assauoir sa parolle et operation; et ces

2208 4081 1256 131 yeulx sont ditz ardans comme feu; car

2194 4156 1265 135 comme tesmongne le philosophe; qui

2204 4249 1264 130 mettroit infinies choses combustibles

2199 4342 1256 125 ou feu infiniement les bruleroit. Ain-

2199 4430 1260 135 si rayson et entendement; toute chose

2190 4509 1274 182 intelligible a eulx presentee tousiours
