3762 5676
823 614 1263 175 le. L autre uieillesse fatale est celle qui

828 723 1249 152 uient de grande enfermete par laquel

832 827 1250 137 le la chaleur naturelle en l honneur ra

837 912 1235 142 dical ne sont pas seullement consum-

837 998 1240 146 mez; Mais tous les membres debilitez

837 1087 1245 138 et grande partie du corps par la actiui

842 1182 1235 132 te de la maladie se depart et enuoiue

837 1267 1240 147 et si peu comme meut du nourissemẽt

837 1348 1240 151 est conuerti en la substãce et nature du

828 1442 1249 128 corps. La tierce maniere de uiellesse

832 1537 1254 123 est dicte casuale ou fortunee, laquelle

837 1617 1249 133 aduient de douleurs; cures et solicitu-

832 1716 1250 128 des immodereez. Certes en icelles cu-

842 1797 1244 128 res le cueur ou quel est le commencem̃t

842 1887 1249 127 de uie est occuppe et afflict, les esperis

837 1981 1254 128 de uie sont debilitez; et leurs parties ex

842 2062 1244 132 tremes delaissiez ilz ensemble courẽt

837 2156 1259 123 au cueur lequel est membre de douleur

842 2246 1244 133 par quoy est dictes extremes partie ᷤ le

837 2327 1249 142 sang n est pas bien coagule ne deuem̃t

832 2417 1254 127 conuerti en char et en graisse dont est

832 2502 1259 127 causee maigrete obfuscation de couleur

837 2606 1259 118 et spectacle de uieillesse en laquelle

837 2696 1254 132 fortuitu ou aduenture Boece se dit a-

828 2767 1268 141 uoir este amene par telles douleurs et

837 2875 1259 123 cures. ⁋ Secundement est a noter que

837 2960 1254 123 pour certaine cause il appelle celle ha-

823 3046 1268 127 stiue uieillesse ou hastee par maulx c est

837 3145 1254 113 par aduersitez et empeschemens lesq̃lz

828 3216 1263 128 habondent en uieillesse desquelz Ora

828 3315 1263 114 ce dit que en ieunesse lui furent plusi-

832 3400 1259 114 eurs uenans et apportans mõlt de prou

837 3495 1254 113 esses auec eulx; lesquelz par uiel-

837 3575 1254 119 lesse sont receans et abatus moult bas

837 3670 1254 118 En un aultre pas il dit que plusieur ᷤ

842 3755 1249 123 dommaiges et inconueniens uiennent

832 3845 1259 114 autour de l ancien; a quoy en s esbahis-

832 3930 1216 118 sant de la condicion de l ancien dit.

828 4015 1263 137 Pourquoy quiert l ancien les choses et

823 4110 1263 128 icelles trouuez les escharse ou espar-

828 4195 1211 128 gne et se abstient et craint de en user

828 4285 1263 123 A ce propos ung metrisieur nombrant

823 4370 1263 132 les dommaiges et inconueniens circũ

837 4460 771 307 uenans les enciens dit.

1840 449 578 161 Le premier liure

2195 614 1268 138 Ad senium uirgo caput ad deliuia mer

2190 714 1259 137 ̃go. Incuruor tergo baculiqz iuuami-

2186 799 993 113 ne pergo. Tussio dispergo. ⁊c.

2200 893 1263 128 Ie uierge suis ia uenus en uieillesse

2195 983 1259 123 Aux lieux moult bas mon chief plon-

2200 1068 454 138 ge et abaisse.

2186 1158 1173 128 Le dos ploye ie chemine au baston

2200 1243 1263 152 Toussir me fault et crachier a hault

2214 1348 185 127 ton;

2200 1428 1268 132 La mort est pres qui frappe sur mõ col.

2195 1513 1122 128 Se mes pechez ne laue ie suis fol.

2205 1655 1263 156 Tiercem̃t est est a noter que uieillesse

2200 1769 1263 137 l aage de douleur; Car comme ieunes

2205 1849 1263 161 se soit l aage des ioyes cõme alain preu

2190 1958 1273 127 ue qui dit. Ieunesse est perfuse et rem

2200 2057 1268 128 plie de grant challeur ⁊ ioye. Et autre

2205 2142 421 128 part il dit.

2195 2208 1268 166 ⁋ Munera leticie largitur grata iuuẽ

2200 2327 1273 113 tus ⁋ Agreables dons de leesse; don

2205 2412 1254 118 ne la feruẽte ieunesse. Et ouide a ce pro

2205 2502 1254 137 pos dit. Ieunesse la colye se esioyst de

2200 2596 1259 128 ieus et des batements. Et eu commen-

2200 2686 1259 118 cem̃t du liure du remede d amours dit.

2219 2762 1098 194 ⁋ Et puer nec te quit ꝙ nisi; ⁊c.

2205 2937 1079 151 Toy qui es encores ung enfant

2224 3050 1036 123 Ioue toy, plus ne te fault rien

2205 3131 1088 123 Doulz regime est bien aduenant

2205 3202 847 203 A ton couraige ce retien

2214 3363 1249 170 ⁋ Ainsi par le contraire douleur oste

2205 3490 1254 128 lce forces, et amaine uieilesse; Mais

2205 3580 1258 128 pour ce que Boece dit soy estre uieil de

2209 3675 1254 123 uant le temps par uieillesse inopinee;

2209 3760 1259 128 pour ce es quatre uers du texte dont le

2205 3850 1230 123 premier commence deuant le temps.

2209 3954 1254 127 ⁊c. Il preuue sa uiellesse par troys si-

2205 4025 1263 127 gnes lesquelz aparent ⁊ se demonstrẽt

2205 4119 1258 128 par dehors et dit. Certes ie suis de-

2209 4209 1254 128 uenu uieil ⁊ ancien; laquelle chose peut

2209 4318 1254 109 apparoir par certaines raysons. Pre-

2200 4394 1259 118 mierement car ie suis tout chenu com-

2205 4484 1254 264 bien que ce soit deuant le temps; Car
