3848 5576
395 594 1245 144 iussa potentem. Sola comes nostre per

399 710 1236 121 tulit esse fuge. Sola nec insidias inter

395 799 1236 134 nec militis ensem. Nec mare nec uen-

395 887 1226 112 tos barbariẽqz timet. La science poetic

385 947 1236 140 que me alege et soulage, et moy usant

390 1050 1227 125 d icelle me commanda estre fort et pu-

381 1129 1231 144 sant, et si souffri estre compaigne de no

381 1226 1236 140 stre fuitte; Icelle seulle entre le ᷤ aguet

376 1305 1241 130 temens n a pas crainte le glaiue du che-

376 1407 1241 126 ualier, ne la mer, ne les uens, ne la gent

381 1500 1236 112 barbarienne. Et ce est uray en tant que

381 1575 1231 130 icelle science poeticq̃ est rapportee aux

371 1663 1241 125 industries de l entendement ou de l en

376 1756 1241 130 gin lequel tousiour ᷤ acompaigne l hom

381 1835 1231 135 me; duquel engin Ouide ou liure pre

376 1937 1008 112 allegue si dit en telle maniere ;

373 2021 1244 130 ⁋ En ego dum caream rebus patria

381 2095 1231 130 qz domoqz; ⁋ Raptaqz sint cuncta que

376 2197 1236 121 potuere mihi; Ingenio tamẽ ipse meo

367 2262 1240 140 comitotqz fruorqz Cesat in hoc potuit

381 2374 1231 116 iuris habere nihil. Certes dit ouide cõe

381 2453 1231 121 ie deffaille de toute ᷤ chose ᷤtãt de payᷤ cõ

381 2537 1231 134 me de mayson et toutes choses me soi

385 2634 1227 112 ent rauies lesquelles on me peut tollir

390 2713 1222 126 Toutesfois ie suis tousiours acompai

390 2801 1222 135 gnie et use de mon engin contre lequel

385 2885 1232 130 cesar ne peut auoir aucũe chose de droit

390 2987 1222 121 Item sur ce qu il dit ou texte. Tant ay

385 3062 1232 125 ie eu mains de compaignie .⁊c. se peut

390 3155 1222 120 former telle question. O boece que te

390 3234 1227 130 prouffite la continuelle assistence d icel

390 3327 1222 130 les sciences. Boece Respond et dit cer

390 3419 1222 117 tes leuure, l ayde et la compaignie de ᷤ

395 3508 1222 111 sciences ou temps passe et ou presẽt me

399 3601 1218 111 ont este et sont souuerainement recom

399 3680 1218 125 mendables. Car ou temps de ma feli

399 3768 1218 121 cite et de ma ieunesse ie prenoie moult

399 3847 1213 130 grant gloire en icelle, et aussi mainte-

395 3945 1217 120 nant ou temps de ma uiellesse et ad-

395 4028 1222 121 uersite elles me consolent; Icy est a no

395 4107 1226 135 ter que boece dit icelles muses et scien

390 4209 1222 121 ce poeticques auoir este cause efficien-

395 4288 1226 121 te de sa gloire; Car elles le auoyent

395 4367 1231 154 fait glorieux en assistant au cõseil par

395 4474 1231 205 son eloquence et par compilations de

1445 427 409 153 De Boece

1738 599 1240 121 liures. En apres boece appelle sa ieu-

1738 692 1236 121 nesse fleurissant et uerde; Car la ieu-

1733 775 1245 131 esse de ung homme, donne a estude

1733 868 1245 121 le fait paruenir au fruit de uertu et de

1742 961 1241 130 sapience. En oultre est a noter que i a

1733 1045 1241 130 soit ce que icelles muses poeticques cõ-

1738 1138 1236 130 solent les hommes par aulcun temps;

1724 1217 1250 139 toutesfois la consolation de icelles se

1728 1301 1241 144 passe de legier comme le uent et delais

1733 1398 1236 130 sent les hommes plus desolez que de-

1728 1482 1241 130 nant comme tesmoigne ci apres philo-

1728 1575 1241 134 sophie. Pour quoy conuientement de

1728 1663 1250 116 telles sciences et manieres de metrisi

1719 1747 1259 111 er dequelles Boece usecy endroit on

1724 1840 1250 130 peut dire ce qui est escript ou. seziesme

1710 1909 1259 135 chapitre de Job. Uous estes consola-

1728 2012 1246 130 teurs plains de charges; Ne auront ia

1738 2114 1240 107 mais fin uos parolles lesquelles ne sõt

1728 2193 1241 125 que uent. En apres en ceste tierce par-

1728 2286 1241 116 tie plaint la uieillesse inopinee uenue

1728 2369 1246 121 deuant le temps. laquelle le peult estre

1719 2453 1255 125 inferee parce qui est dit en la preceden-

1728 2541 1246 130 te ou texte triste ancien. Pourquoy au-

1724 2630 1250 125 cun pourroit cuider que boece ou temps

1738 2727 1236 116 de son exil estoit ancien d aage. C e-

1728 2811 1246 125 stui doubte est oste par ce qu il dist que

1728 2904 1241 116 la uieillesse laquelle lui aduint inopi-

1728 2987 1246 126 nee et non attendue nom pas naturelle

1728 3076 1241 125 ment; mais deuant le temps ⁊ moult

1738 3169 1245 111 hastuement acõpaignie de plusieurs

1733 3248 1250 120 aduersitez; pourquoy conuenablemẽt

1738 3322 1245 135 ie me dueil dit boece. Et aĩsi doleur

1738 3429 1245 125 brulant, et annichillant les forces me

1733 3508 1241 125 fait approir estre de son aage c est as-

1733 3605 934 121 sauoir de l aage de uieillesse.

1733 3694 1255 125 Pourquoy icy est a noter qͥlz sont troy ᷤ

1733 3787 1255 116 manieres de ueillesse c est assauoir na

1733 3875 1264 121 turelle, fatale, casuale ou fortunee. La

1738 3954 1245 130 uieillesse naturelle uient de grant aa-

1728 4051 1264 126 ge et quant par longue succession de

1738 4126 1254 134 temps l honneur radical est diminue

1742 4228 1255 121 et par la chaleur naturelle. et en la fin

1733 4307 1259 121 totallement consumme dont mort na-

1742 4395 1255 130 turelle s ensuit comme l extinction du

1738 4470 1259 185 feu en la lampe par deffault de huyl

2416 422 432 135 fueillet .iii

2662 4590 177 168 a.iii
