3841 5592
1146 601 886 158 Armina qui quondam stu-

1137 717 886 131 dio florente per egi. ⁋ Fle-

1132 806 886 139 bilis heu mestos cogor inire

1132 885 741 144 modos. et cet̾. Texte

797 973 363 145 C

787 1071 1175 149 De qui iadis ay fait dicties ioyeux

783 1165 1118 121 Par estude florissant douloureux

787 1253 1156 135 Las suis cõstraint cõmẽcer ꝑ misere

778 1337 1067 144 Metres tristes ⁊ dolante matiere

792 1425 1249 136 Car mes muses deschireez me dittent;

792 1514 1198 135 Choses que doy  ⁊ me incitent

792 1603 1259 149 Puis les metres de misere y ont place

792 1691 1254 149 Qui de urays pleurs, fort arrousent

787 1808 308 97 ma face

797 1854 1254 159 Au moĩs craĩte d autruy n a peu deffẽdre

797 1952 1240 158 Noz ꝯpaignes de nrẽ chemin prendre

797 2083 1104 97 Celles muses furẽt iadis la glore

797 2143 1081 135 De ieunesse qͥ me uerdoye encore

801 2232 909 130 Me console a mon aduersite

797 2316 1128 116 Triste ancien com hõme auerᷤ cite

797 2399 1048 140 Uieillesse uint hastiue inopinee

801 2493 1091 135 A moy dolent ꝑ malle destinee

801 2567 1152 149 Et ma douleur ꝯmãda a uieillesse

811 2679 1254 163 Entrer en moy, ains qu en fust hors ieu

806 2777 200 121 nesse

820 2809 1245 182 Deuãt leur tẽps cheueux blã ᷤ ⁊ henu ᷤ

801 2935 1119 140 Sõt espandus en mõ chief ⁊ uenus

801 3024 1264 140 Mon cuir lasche, fait tout mon corps

811 3131 321 98 trembler

806 3196 1081 140 Et ꝑ soussi sa nourreture embler

815 3294 1250 131 On dit la mort des hões estre eureuse

806 3373 1170 131 Qui ne uiẽt pas en saisõ plãtureuse

815 3467 1250 125 Mais des tristes mõlt souuẽt appellee

811 3555 1020 131 Elle y affuit nue, seche et pelee

815 3639 1245 140 Las que de moult sourde oreille elle e

815 3732 238 140 scoute

806 3797 1263 164 Les maleureux comme cellui qui noyt

815 3923 252 121 goutte

815 3998 1026 130 Et la cruelle demie fermeture

806 4077 1259 149 Aux yeulx plourãs qͥ de uiure n õt cure;

820 4175 1184 130 Cõme fortune faulse si me blandist

820 4249 1249 136 Et que apres moy par biens mondain ᷤ

815 4352 257 121 tendist.

829 4436 1100 107 L heure triste de mort auoit plongie

820 4524 1240 191 Presq̃ mõ chiez de douleur tout rongie;

1785 419 569 168 Le premier liure

2134 601 1282 116 Mais maintenant pour ce que icelle ob

2148 694 206 130 scure

2139 782 1063 117 Ma ia mue sa face faulse et sure

2144 866 1226 121 Ma male uie ma prolongie de meurs

2148 932 1268 153 Nõ agreable ᷤ dõt ie mauldi ᷤ les heure ᷤ

2148 1039 1231 139 Uoꝰ mes amys qui souuẽt me hantez

2148 1127 1240 126 Pour biẽ eureux iamais ne me hantez

2139 1211 1221 131 Tel ne suis pas puis q̃ ꝑ sus mõ gre

2144 1309 1174 149 Fortune m a mis hors ferme de gre

2541 1395 356 131 ͦ⁋ Glose

2330 1467 1096 159 Estui liure de consolation de phi-

2167 1472 168 220 S

2321 1565 1109 149 losophie ouquel boece en ẽsuiuãt

2162 1658 1268 145 la maniere de platon procede par dya-

2158 1747 1277 140 logue. et est diuise en cincq liures par

2162 1840 1273 121 ticuliers. Du premier est introduit ice

2162 1924 1273 121 lui boece persone malade et de

2167 2003 1263 159 sole deplourant ses douleurs. Et aus

2167 2101 1263 154 si Dame philosophie soubz persone d u-

2167 2190 1268 149 ne medecine; Premierement enquerãt

2167 2278 1268 135 les causes ⁊ racines de la maladie dud.

2167 2381 1273 135 boece essayant l entree de la cure ⁊ pro

2167 2469 1203 131 mettant enfin lui restituer sa sante.

2172 2549 1272 153 Du second liure philosophie admini-

2176 2642 1268 144 stre la medecine preparatiue a Recep-

2176 2740 1268 121 uoir plus fortes potions; car ou premier

2176 2819 1264 149 liure a maniere dee rethoricien ⁊ de mu-

2186 2912 1263 130 sicien, ausquelz il appartient adoulcir

2186 2987 1258 144 les langueurs et resioyr; icelle adoucist

2167 3084 1282 126 toute la perturbation de son disciple

2176 3182 1273 126 boece uenant par fortune. Du tiers li-

2181 3257 1268 135 ure philosophie donne a boece la mede

2176 3364 1268 121 cine purgatiue en appaisant les dou-

2176 3443 1278 121 leurs et erreurs du dit boece. Du quart

2176 3536 1273 126 liure philosophie administre et donne

2186 3616 1272 144 a boece la medecine et potion confortati

2176 3718 1287 121 ue ꝙt elle ĩstruit, et ĩforme cellui en la

2181 3811 1277 117 uraye uoye de beatitude. En apres ou

2176 3881 1273 126 cinquiesme et derrenier liure dame phi

2172 3979 1268 121 losophie demonstre a boece qu il est ga

2190 4072 1254 122 ri en metant les solutions des questi-

2181 4147 1282 140 ons et en consolidant et confermant la

2181 4245 1268 130 pensee d iceluy. La diuision des par-

2172 4347 1272 131 ties du premier liure laissie pour cau-

2186 4431 1263 131 se de briefuete est assauoir que Boece

2186 4524 1272 233 au ꝯmẽcem̃t en en la p̃miere ꝑtie de son
