3801 5551
375 582 666 148 Chancelle en estant

365 689 653 129 Aueugle en uoyant

361 772 694 134 En legierte manant

365 860 732 129 Tres ferme en glissant

361 943 680 144 Loyale au marchant

351 1031 607 124 Legiere en parlant

356 1119 852 148 Tres estable en mouuant.

351 1221 1223 217 ⁋ Lesquelle ᷤ choses preuuent clerem̃t

342 1383 1227 143 ycelle fortune estre desloyalle et de

347 1461 1222 125 malefiance et ses biens estre legiers et

337 1545 1227 134 transitoires. En oultre est a noter que

347 1637 1222 143 les anciens paygnoient fortune sans

347 1725 1227 143 piedz; mais esleuee pour son instabilite

356 1827 1218 125 aueugle a cause de son office; Car les

351 1915 1213 120 hommes creans a fortune sont aueu-

347 1998 1227 134 glez quant ilz sont esleuez par prosperi-

347 2081 1217 120 tez et par aduersitez sont tantost mar-

337 2174 1232 134 chiez aux piedz et luy paignoient deux

342 2257 1227 134 uisaiges; cellui de deuant cler et am-

333 2354 1236 120 ple blandissant les folz par prosperitez

337 2442 1223 116 et cellui de derriere tenebreux et de for-

347 2525 1217 134 me plourant par aduersitez. Pour le p̃-

337 2618 1227 115 mier boece dit ou texte comme fortune

342 2701 1222 125 faulse me blandist ⁋ Pour le second il

337 2794 1232 120 dit apres ou texte, Mais maintenant

342 2895 1227 116 pour ce que celle obscure.⁊c. En oultre

324 2965 1245 120 est a noter que boece par l heure triste il

328 3071 1246 111 entend la mort et use de ceste circunlo

319 3131 1250 134 cution; car il n est chose plus terrible ou

324 3228 1240 125 triste de mort comme tesmoigne le phi

324 3325 1245 121 losophe ou troisiesme de ethicques qui

333 3413 1231 111 dit le derrenier des choses terribles;

333 3492 1241 125 c est la mort Derrenierement boece par

337 3585 1232 124 maniere de maleureux soy transportãt

333 3672 1231 130 a autre propose met la conclusion de sõ

328 3760 1236 130 mettre et dit ainsi. O uous qui iadis e

337 3857 1227 116 stiez mes amys pourquoy ou temps de

333 3936 1231 130 ma prosperite par uantance et presum

328 4029 1241 120 ptueusement auez dit et repute moy e

337 4112 1223 120 stre eureux. Certes ie n ay pas este eu-

342 4200 1222 125 reux car se ie l eusse este, i eusse este esta-

342 4292 1227 121 ble et parmanẽt ou degre de ma digni

337 4357 1232 291 te; mais ie n y ay pas este car ie suis de

1375 393 398 185 De Boece

1671 578 1282 125 ceu de mes ioyeusetez et plaisirs. pour

1685 679 1264 116 quoy ne me deuiez reputer pour eureux

1685 763 1268 120 Certes uous deuiez auoir attendu la

1675 837 1269 143 fin Car la fin couroune nom pas la ba-

1680 939 1264 115 taille. A ce propos ouide ou .iii. liure de

1685 1017 907 125 methamorphose dist ainsi.

1675 1096 1269 152 ⁋ Ultima semper expectanda dies ho

1694 1198 1241 120 mini est diciqz beatus ante obitum ne-

1685 1276 1250 134 mo. Ung derrenier iour est a entendre

1685 1387 1250 111 a l homme qui ne se doit entendre estre

1694 1461 1245 125 beneureux deuant sa mort, et que au der

1694 1554 1236 120 renier iours ses funerailles faictes; a-

1703 1646 588 158 donc il est parfait.

1856 1896 1074 153 ⁋ Comment boece introduit cõ-

1847 1993 1088 134 me acteur de ceste enuure la persõ

1837 2100 505 134 ne consolante.

1847 2359 1088 120 Ec dum mecum tacitus ipse repu

1680 2331 167 202 H

1837 2423 741 139 tarem ⁊c. ⁋ Texte.

1694 2525 1227 120 Comme ie boece taisible en moy meis-

1689 2608 1232 130 mes pẽsasse et reuoluasse les choses des

1680 2701 1255 125 sus dictes et que ie reduisse ꝑ escript ma

1680 2803 1250 111 complainte moy esmouuant a pleurs

1680 2872 1250 134 me fut aduis une fẽme assister sus mõ

1675 2965 1250 125 chief de face assez reuerende ⁋ Glose

1685 3053 1245 120 Pourquoy est a noter que par la face de

1685 3145 1250 134 philosophie boece entend les sermons

1689 3238 1241 111 parolles et operatiõs des philosophes

1694 3312 1227 134 Car la uoulente de l homme est con-

1675 3399 1250 130 gneue par la face de laquelle dit oui-

1685 3497 1245 125 de. ⁋ Ardet et in uultu pignora men

1685 3598 1245 111 tis habet. L amoureux ard et porte en

1685 3677 1240 125 sa face les conceps de sa pensee ⁋ Et

1680 3779 1250 125 autre part il dit. ⁋ Est hominis cor

1675 3853 1246 120 dis nuncia forma sui; La forme ou fi-

1675 3931 1250 148 gure de la face de l homme est messa-

1675 4029 1260 134 giere de son cueur. Et celluy meisme ᷤ

1680 4130 1250 111 Ouide ou second liure de methamor-

1680 4209 1250 120 phose dit ⁋ Heu Ꝙ difficille ẽ crimẽ nõ

1680 4292 1245 148 prodere uultu. La ᷤ cõe difficille chose est

1685 4380 1264 162 non monstrer, Mais mucer sa faulte.

2398 393 402 152 Fueillet.u
