3819 5622
871 604 1265 154 Car elle despite les clameur ᷤ de ᷤ mal

871 716 1251 127 eureux inuocans icelle et desirãs mou

876 810 1242 122 rir pour donner fin a leurs douleurs.

880 894 1242 127 Et par le contraire peut estre entendu

880 983 1242 117 que icelle mort est ennemie aux riches

885 1063 1233 145 qui sont en prosperite car souuent elle

880 1147 1247 136 aduient a iceulx deuant le temps espe

885 1246 1129 131 re comme boece le declare cy apres

890 1325 1228 146 En oultre est a noter que la mort n es-

876 1410 1256 136 pargne nõ plus l un que l autre; comme

880 1513 1247 117 ung metrifieur dit. ⁋ Mors fera

885 1588 1237 126 mors nequam, mors nulli parrit ⁊ equã

890 1681 1223 127 Cunctis dat legem, sumit cum paupe,

876 1789 332 117 re regem.

885 1831 1031 150 Mort cruelle, mort tres peruerse

890 1934 1148 136 Nul n espargne, mais celle aduerse

876 2033 895 140 A tous donne pareille loy

880 2117 952 136 Prenant le poure auec le roy

890 2197 1242 145 Item ung autre metrifieur dit ainsi di

885 2305 1251 117 celle mort. ⁋ Parcere pro p̃cio si mors

885 2384 1247 117 hominũ uoluisset ⁋ Ditior in mundo

885 2478 769 126 uir ullus morte fuisset.

880 2553 1064 136 Se mort pardonner pour argent

880 2656 900 131 Eust uoulu a aucune gent.

885 2736 1139 126 En tout le monde n eust plus riche

895 2839 941 95 Dicelle qui sur tous s affiche

890 2914 1242 131 Toutesfois il semble qu elle uient plꝰ

890 3012 1246 122 tart aux meschans et maleureux q̃ aux

880 3087 1256 136 riches; car la longue espace de tẽps est

885 3185 1251 113 ennuieuse aux meschãs et douloureux

880 3256 1256 135 et pou de gens les plaignent mays il

885 3349 1251 141 semble aux prosperans et bieneureux q̃

880 3448 1256 126 ilz uiuẽt par tres petite espace de tẽps ⁊

876 3532 1260 131 si sõt plusieurs desplaisãs de leur mort

880 3626 1252 117 En ceste quinte partie de ce presẽt me

880 3710 1252 117 tre Boece sait une inuectiue contre la

876 3790 1256 131 mort et fortune ensemble quant il dit

871 3883 1261 132 ou texte. Quãt fortune desleal blãdit

871 3982 1261 122 ⁊c. I ay bien dit la mort estre cruelle car

871 4075 1261 113 ou temps de ma prosperite comme for

866 4141 1261 145 tune tres loyalle meust soubzris ⁊ mon

876 4249 1251 122 stre son beau uisaige en moy donnant

880 4328 1247 127 de ses biens, lesquelz i ay maintenant

876 4422 1251 113 trouue et esprouue estre legiers et tran

866 4519 1278 151 sitoire; adoncques la mort tres cruelle

1869 431 586 149 Le premier liure

2225 599 1275 131 m auoit a peine prosterne ⁊ plõgie tout

2235 707 1255 108 mon chief; Mais puis que icelle fortu-

2225 791 1265 113 ne decepuable m a monstre son uiaire

2239 885 1261 108 nebuleux et obscur en moy deboutant

2239 960 1256 131 par auersitez; icelle mort laquelle maĩ-

2235 1052 1281 123 tenant me seroit agreable. Selon ce q̃

2239 1138 1251 137 dit Ouide ou troisiesme liure de me-

2249 1227 468 98 thamorphose.

2253 1311 1260 140 ⁋ Non mihi mors grauis est positura

2230 1405 497 122 morte dolores.

2239 1499 1154 126 La mort ne m est pas grieue ou dure

2239 1594 1023 120 Qui m oste douleurs q̃ i endure

2239 1672 1261 131 Icelle doncques refuse uenir a moy ⁊

2225 1752 1270 145 prolongue longues demoureez a moy

2235 1850 1270 117 non agreables; Et par ainsi icelle me

2239 1944 1214 126 est cruelle et sans nulle compassion.

2239 2028 1270 122 Ici est a noter que fortune est appellee

2239 2117 1261 117 desloyalle et de malefiance pour l in

2244 2197 1256 126 terpretation de son nom; car fortune est

2253 2305 1252 112 dicte comme par aduenture une cõme

2244 2384 904 117 icelle de soy meismes dit.

2253 2468 1252 136 ⁋ En ego fortũa si starẽ sorte sub una

2249 2562 1223 122 Et nõ mutarer nũꝙ fortuna uocarer

2253 2637 905 136 Certes se ie dame fortune

2244 2731 900 122 A tous estoie de sorte une

2253 2839 825 107 Et iamais n estoie muee

2258 2909 839 126 Ainsi ne seroie nommee

2258 2993 1242 136 De laquelle dit alain ou penultime li

2249 3096 1241 127 ure de anticlaudiã. ⁋ Hec est incon-

2244 3181 1045 131 stans incerta uolubilis anceps;

2258 3270 1232 121 Errãs instabilis uaga q̃ dũ stare uidet᷑

2258 3373 1111 122 Occidit ⁊ falso mẽ it̾ gaudia risu

2249 3452 1073 122 Aspera blandiciis in lumine.⁊c.

2249 3607 1063 150 ⁋ Fortune incõstante incertaine

2244 3719 1050 122 Uoluble mobile et doubtable

2249 3804 1031 117 Errant instable uague ⁊ uaine

2244 3896 1138 133 Est, qui tãt qu elle semble estable

2253 3986 1039 132 Sesconce et parris deceuable

2253 4075 1027 127 Elle ment les ioyes promises;

2253 4169 994 117 Aspre en blandices et deuises

2263 4249 857 131 Et en lumiere nebuleuse

2250 4328 1000 132 Pour ce, riche doulce ⁊ crueuse

2263 4422 815 108 Amere, et tres delicieuse

2244 4516 717 197 Elle rit en plourant
