3848 5576
408 618 1251 130 premier liure se monstre tel comme cel

418 706 1213 130 iui qui a besoing de consolation com-

413 794 1218 126 mencant au derrenier degre de deso-

408 887 1237 121 lation qui cellui qui par faulse acoustu

408 975 1223 121 mance en soy Remembrant des prospe

399 1054 1232 126 ritez passees ⁊ des presentes douleurs

399 1147 1232 130 se delicte en larmes et pleurs; car pleur

399 1231 1218 121 et flux de larmes amoderent les dou-

399 1315 1213 125 leurs lesquelz tapis et Retenus par de-

399 1412 1227 121 dens nuyroient plus griesuemẽt ⁊ tour

399 1486 1218 135 menteroient le desole Desquelz pleur ᷤ

399 1589 1218 120 et larmes ouide o .i .x. liure intitule des

399 1663 1213 125 tristes dit ainsi. ⁋ Fletqz meos casue

399 1761 1218 120 est quidam flere uoluptas. Expletur

399 1849 1213 116 lachrimis, egeriturqz dolor. Mon amy

399 1942 1213 121 pleure mes malles aduentures; Cer-

395 2025 1217 121 tes plourer est uolupte au desole ⁊ dou

399 2104 1213 131 lereux; car douleur est mise hors et ter

395 2197 1217 121 minee par larmes; et aultre part il dit

399 2295 1213 107 ⁋ Indulsit primo lachrimis; flendoqz

381 2379 1231 116 dolorem; diffudit miserãda suum. Uui

385 2472 1222 111 de parlant d aucune amoureuse moult

381 2541 1226 130 fort douloureuse dit que icelle portãt

385 2639 1218 125 son deuil pardonna premierement aux

390 2732 1217 111 larmes: mais tantost apres icelle mal

385 2806 1222 126 ereuse espandit et ietta tout son dueil ⁊

376 2894 1231 126 annuy. Boece doncques pour lamẽter

390 2983 1217 125 son infortune use d une maniere de me

385 3076 1222 116 tre que on appelle elegiaque; laquelle

381 3159 1226 130 maniere est quant le premier uer ᷤ est he

381 3238 1226 140 roicque et exametre; C  est a dire de six

385 3345 1209 116 piedz par lequel le fait des grans ba-

385 3433 1209 112 rons et seigneurs souloient estres des-

390 3526 1208 116 criptz. Et quant le second uers est pen-

390 3591 1213 144 thametre c est a dire de cinq piedz. Et

385 3675 1213 149 est appellee ceste maniere de metre ele

381 3782 1222 121 giacque et deriuee de eloys en grec qui

381 3870 1222 126 est a dire misere; car les miserables ma

381 3949 1222 130 tieres comme terreurs et douleurs an

376 4042 1227 130 ciennement souloient estre descriptes

376 4130 1231 130 par celle maniere de metre; affin q̃ par

376 4223 1218 121 imparite de uers imparite de fortun-

381 4293 1213 139 ne fust enclose et comprinse; touttefoi ᷤ

376 4377 1218 148 les haultes et eureuses matieres sõt de

371 4470 1236 181 scriptes de present par celle maniere de

1403 418 400 162 De Boece

1738 594 1278 135 mettre pourquoy Orace dit. ⁋ Uersi-

1742 701 1264 126 bus impariter iunctis queromonia pri-

1747 799 1259 111 mum. Post etiam inclusa est uoti sen-

1747 878 1259 121 tentia compos. Querimonie premiere-

1752 971 1259 116 ment fut comprinse et enclose par uers

1742 1050 1255 125 impareux et ioincts ensemble mai ᷤ aus

1742 1138 1260 130 si de present la sentence de acomplis-

1742 1231 1255 125 sement de desir et de prosperite y est

1733 1324 1162 111 comprinse et y doit estre entendue.

1738 1407 1259 126 Boece doncques au commencement de

1742 1496 1246 121 son liure dit ainsi. Las ie boece qui ia-

1742 1589 1250 125 dis ou temps de ma prosperite par mõ

1728 1672 1260 116 estude flourissant ay acõply plusieurs

1733 1747 1241 130 delectables chansons et dicties nul-

1733 1844 1250 126 le douleur a doncques interrompãt mõ

1733 1933 1250 130 estude; maintenant suis constraint ou

1742 2025 1236 131 temps de mon aduersite par douleur qͥ

1724 2114 1254 121 tourmente mon esperit commencer dou

1733 2216 1236 121 loureux ditties; mais a peine le ᷤ por-

1724 2295 1250 130 ray terminer pour la grandesse de ma

1733 2374 1232 130 douleur ⁋ Glose ⁋ Icy est a noter q̃

1724 2472 1245 116 boece premierement ramaine a memoi

1724 2560 1250 125 re le temps de sa prosperite par lequel

1728 2653 1241 121 il se puisse plus douloir; car la memoi-

1724 2741 1241 116 re de la felicite passee est agrauatiõ des

1733 2829 1241 126 presentes douleurs. Et pour ce dit iob

1733 2918 1227 116 en son .ix. chappitre; i estoye iadis repu-

1724 2997 1245 130 te pour opulent et riche; et soudainem̃t

1724 3080 1241 140 suis contere ⁊ abattu. Secondement est

1733 3173 1236 130 a noter que boece apelle chansons ou di

1719 3261 1255 126 cties les dis ioyeux lesq̃lz il auoit fais

1719 3350 1250 130 en sa ieunesse; c est assauoir de musique

1719 3433 1246 121 et d arismetique et par aduenture plu-

1728 3526 1232 135 sieurs autres de matiere delectable des

1719 3619 1255 130 quelz nous n auõs point l usaige. Tou

1719 3712 1255 116 tesfoys chanons ou ditties sont uers

1714 3800 1255 121 plaisans et delectables desquelz oui-

1719 3889 432 96 de dit ainsi.

1714 3972 1246 140 ⁋ Delicias si quis lasciuia carmina

1719 4065 1255 135 querat. Premoneo nunq̃ scripta q̃ ista

1728 4158 1246 116 legat. S aucun quiert delices ⁊ ioyeu-

1714 4237 1264 130 ses chansons ie lui ammoneste qui ne li

1724 4339 1245 117 se point ceulx icy que ie ay fays de mes

1719 4423 1250 121 tristesses et douleurs. Tiercement est

1728 4507 1246 186 a noter que selon Tule; estude est une

2416 427 442 144 fueillet .ii.

2681 4614 130 125 a ii
