1612 2661
202 168 681 106 Et determiner des ſecretz

215 237 806 113 De droitz mundiaulx et decretz

204 323 746 87 Et reprimer toutes iniures

206 385 906 113 Les faulx poix et faulces meſures

210 465 660 93 Quietement proſperera

210 543 753 102 Qui par moy ſe gouuernera

550 676 304 93 ¶Lacteur.

226 742 873 109 ¶ Pere Ariſtote en la philoſophie

222 827 828 93 Et de tous ars et naturelle vie

228 886 953 114 En tous ſes faitz ſe ſubmiſt a raiſon

224 964 986 109 Parquoy ſcient fut ſans comparaiſon

230 1040 857 106 Car par icelle enquerant verite

230 1117 722 91 Magnifia uertus et equite

230 1175 1088 111 Et doit marcher ſur lhomme et le garder

244 1263 946 98 De trop menger, parler et brocarder

237 1321 857 111 Et refrener ſa vouente mobille

255 1363 1021 136 De fouruoyer aux champs et a la ville

246 1467 1015 114 Pour non tumber au dãger des brigans

253 1538 961 125 Tenebreux cieux du monde latitans

583 1680 485 113 ¶ Raiſon par tout

395 1751 828 118 ¶ Cronique du temps preſent

237 1839 271 325 L

490 1818 1082 117 An mil cinq cens uingt et ung paix regna

517 1898 1003 117 Dont le dieu marsſi treſfort ſe indigna

517 1973 879 102 Quil deſploya le ſtandard de follie

526 2057 988 127 Dont fiſt preſent, par rigueur le donna
