1672 2658
99 141 876 100 A ſes enſans:auſquelz il ordonna

108 221 1014 102 De mettre a mort paix qui princes allie

99 287 1067 98 Quant paix te ſceut de France fiſt ſaillie

102 361 1084 97 Et dallemaigne eut ſa place en Lorraine

119 434 1069 113 Dieu moyennant, ⁊ le bon duc Anthoine.

104 569 975 104 ¶En ce dit an il y eut deux ſouldare

99 653 987 102 Qui mirent ſus guidons et eſtandare

95 733 885 84 En eſmouuant une folle querelle

97 804 1018 97 A fors diſcorde empoigna lance et dars

93 872 1060 104 Les pouruoyant de picques auſſi de arcs

108 943 958 93 Dont fit preſens a gens pareilz a elle

97 1016 994 91 Ainſi ſe eſmeut guerre non trop cruelle

95 1089 969 91 Car ſe neſtoit que pour ung uireton

102 1167 946 102 Maint eſt batu de ſon propre baſton.

102 1295 1075 100 ¶Di aduint il aue ſoubz umbre de bien

95 1382 931 97 Laigle uolla diſant trouuer moyen

104 1457 953 93 De briſer,rompre,abolir et deſtruire

97 1528 951 97 Lieux ſarcineux ⁊ ny eſpargnoit rien

102 1605 991 91 Tant que on diſoit que per le terrien

95 1674 940 95 Seroit tenu deſſoubz luy ſe reduyre

97 1749 974 89 Deu quil prenoit plaiſir a ſoy deduyre

95 1816 1004 95 Que marchandiſe allaſt par ſe chemin

99 1889 1065 106 Bien cõmencer uault peu ſans bonne fin

95 2024 922 142 ¶Lyon de ſable eſtant a laigle uny

1004 2102 142 106 a.iii.
