1612 2661
197 175 935 86 Nourrir amour entre eulx ⁊ publier

193 241 1048 100 Guerre et debatz deſſoubz le pied plier

195 312 1083 93 Oſtant flateurs de aupres ď leur  perſõne

197 388 1037 102 Recognoiſſant que dieu uictoire donne

199 461 908 111 Et gloire auſſi ce ne fault oublier.

597 598 340 107 ¶Rondeau

202 685 1187 91 ¶ Sainct Pierre print le glaiue de ſainct Pol

210 756 942 95 Dont de rechief cuyda coupper le coſ

202 824 1130 91 A ſainct Denys, car ſainct Jacque en galice

199 893 844 104 Appetoit fort luy faire preiudice

217 964 997 109 De ſon bourdon dont il fiſt ung flaiol.

206 1119 1161 93 ¶ Sainct Marc le ſceut il luy deſpleut du dol

204 1193 1008 84 Et de la fraulde aſors dung gros licol

204 1263 1052 100 Lya Remmains,congnoiſſant le malice

583 1339 227 95 fainct.

213 1397 1134 104 ¶Sainct Andre uint en ſecret de plain uol

210 1479 1193 99 Cuydant trouuer ſainct Frãcois laſche ⁊ mol

206 1552 966 95 Qui deſira ſoy uenger dung tel uice

206 1625 1139 100 Sainct George y fut comme chef de iuſtice

210 1700 1082 118 Apperceut bien que lung de eulx eſtoit fol

608 1780 202 82 fainct

499 1844 515 102 ¶Raiſon par tout.

417 1984 979 122 ¶ Menus propos de la maniere de ſoy

417 2071 819 126 gouuuerner es cours des princes
