1612 2652
234 132 1108 111 Tes eſcoliers te feront maintz oultraiges

238 214 969 108 Car ilz prendront a te greuer deduitz

238 278 927 104 Te faire mal deplaiſirs et ennuitz

234 358 1094 108 Tenant ſuſpectz tes enſeignemẽs ſaiges

234 428 882 111 Ainſi ta uie uſeras en langaiges

236 510 862 102 En en danger auec gens enuieulx

241 572 1037 119 Leſtat de court plꝰ que autre eſt perilleux

241 727 915 101 ¶ Sil te prenoit conſiderant ta uie

252 811 884 86 De te uenger de leur cruelle enuie

245 868 1033 106 Tant pis uauldroit que ſans difficulte

245 943 962 104 Ton uengement ne ſeroit que follie

247 1025 847 88 Qui cauſetoit en toy contumelie

254 1096 917 97 Debatz:tenſons et plus dauerſitez

245 1164 893 102 Que par autant uaines auctoritez

254 1237 922 91 Folz curiaulx les deſirent et priſent

249 1310 1097 124 Ceulx ont le bruit qͥ en court temporiſent

256 1540 1101 95 ¶Les grans abus des cours et la maniere

265 1613 982 84 Des curiaulx ſont telz quil ny a guiere

254 1679 933 97 Homme qui ſoit ſouffert ſoy eſleuer

260 1752 987 95 Se corrompable il neſt par belle chere

249 1827 947 91 Du par flater ou railler en derriere

258 1911 962 80 Du en ſecret ung menſonge trouuer

263 1973 906 95 Les uertueulx on taſche de greuer

260 2044 1022 135 Aux folz deſplaiſt ouyr ung bon notable
