1678 2655
126 146 1270 90 ¶Car les grans uentz qui ſont es haultes cours

117 221 1018 84 Ont tel facon que ceulx qui ont le cours

112 292 879 84 Et laudiui en mondain habitacle

112 354 997 95 Ne ſouffriront touſiours auoir ſecours

112 435 1140 82 Mais ſouffleront pour les mettre a decours

112 497 1030 95 Tombant en bas eulx et leur habitacle

110 579 1238 93 Eulx hors de bruit ſeront comme ung ſpectacle

112 652 837 82 Faict par enuie et par detraction

104 719 854 97 A hault monter ne giſt perfection

104 851 1082 104 ¶Et ſil aduient que ceulx qui ont eu nom

110 929 906 93 De dominer perdent bruit et renom

99 1002 970 90 Et rauallez hors de court on les uoye

104 1075 1100 95 Du peuple auront bientoſt quelque lardon

97 1141 981 102 Voila leur fin et leur dernier guerdon

104 1223 1120 89 Fortune ainſi ceulx que a mis hault deſuoye.

97 1287 1016 95 Chaſcun ſen rit et mocque par la uoyz

95 1358 985 97 Ses faicts paſſez on taſche a eſplucher

92 1429 1240 113 Plus lhomme eſt hault plus craint a treſbucher

90 1566 957 104 ¶ Aucuneffois fortune ueult monter

90 1654 1154 91 Quelque poure homme et le faict ſurmonter

90 1714 1050 111 Ses compagnons qui neſt qun ualidire

88 1789 1056 104 Sitl ſenrichiſt par prendre ou meſcompter

88 1858 1043 104 Et puis deſcend ſans les degrez compter

92 1942 997 133 Fortune alors ne ſen faict que ſoubzrire

1040 2020 124 104 b.ii.
