1623 2655
199 152 1109 93 Mais des plus grans que eſfeue ie ie puis dire

203 225 1070 95 Que a gueulle bee en rit ſes paulmes bat

201 298 1001 95 Lorgueil mondain dieu le hait et rabat

205 438 1103 95 ¶Qui ſert en court laiſſe pour le iourdhuy

205 513 1181 102 Ses propres meurs pour complaire a aultruy

205 586 988 97 Ce qui peu uault il lhonore et le priſe

205 659 1181 97 Sil ayme bohneur deſhonneur uient uers luy

203 730 1014 97 Se eſt patient ſouffrette a pour appuy

205 803 891 86 Le ueritable on tempte de faintiſe

210 880 1021 82 Et ſil ne ueult faire quelque entrepriſe

219 953 843 86 De demander il ſera ſouffreteux

201 1015 1036 102 Qui hante es cours ne doit eſtre honteux

203 1168 997 79 Se couſtume as,de manger ſobrement

205 1221 1063 102 Ton train fauldra changer totallement

205 1318 868 80 Et delaiſſer ta maniere de uiure

205 1380 1026 86 Qui ueult repos peine aura largement

201 1449 1069 95 Et qui eſt clerc en uoulant prudemment

199 1524 868 93 Eſtudier ou lire en quelcque liure

203 1593 1010 97 Diſeux ſera attendant que on luy liure

201 1672 919 82 Le cabinet du prince ou lhuis ouuert

190 1741 1012 97 Le temps perdu neſt iamais recouuert

197 1878 998 88 Seruans de court ne font que uiuoter

199 1960 1045 110 Soubz le uouloir daltruy et fault noter
