1596 2637
424 134 1123 92 ¶ Menus propos ſur la chaſſe du cerf moralle-

413 204 738 83 ment et ſelon lart de uenerie

270 300 262 262 L

540 279 640 85 E temps treuue fauoriſe

538 353 745 86 Entretenir guerre ſur terre

540 428 785 79 Mais ce que lhomme a ꝓpoſe

553 490 693 103 Dieu en a touſieurs diſpoſe

274 566 783 88 Et diſpoſe ſans plus enquerre

274 632 917 95 Quant querelles eſmeuuent guerre

272 705 930 94 Par champs on uoit armes reluire

268 780 866 92 Le petit peult bien au grant nuire

270 905 939 101 ¶ Pour ſimple cas ie uous prometz

268 991 1055 96 Que aucuneſfois uient grant dommage

268 1063 835 90 Rigueur en ſort pour entremetz

268 1122 861 102 Tel lachepte qui nen peult mais

261 1195 811 94 On le dit en commun langaige

266 1276 771 93 Et pource celluy quieſt ſaige

270 1338 908 103 Doit bien noter ce mot pour preuue

266 1408 808 99 Qui bien ſe garde bien ſe treuue

261 1540 950 114 ¶Le plus ſouuent les plus uaillans

261 1632 794 88 Ront la uictoire en la bataille

261 1696 906 103 On uoit uaillans contre uaillans

261 1773 846 97 Rompre taillans contre taillans

261 1841 796 90 Laſſer tours:abatre muiraille

261 1909 818 130 Souuent ſans crier baille,baille
