1668 2659
73 135 858 110 Commiſe par eulx et loultraige

70 212 735 93 Si par ce moyen on uoyaige

68 281 697 93 lentreprinſe ſera treſbonne

66 354 759 111 Ainſi quon dit la fin couronne

70 489 996 107 ¶ Toutes guerres ſont  redoubtables

68 584 830 78 Quant orgueil en eſt conſentant

70 642 892 100 Et ne acquiert on gloires louables

66 713 874 100 Au corps ne a lame prouffitables

68 784 770 95 Si ſen droit on ua combatant

66 864 883 95 Mais au temps preſent le contant

68 935 812 99 faict la foy tres laſche et debile

68 999 663 117 Nobleſſe doit eſtre ſtabille

66 1138 905 118 ¶Ce propos nous conuient laiſſer

73 1216 849 111 Dieu vueille que tout bien ſe face

66 1296 799 97 Et deſormais nous ſault penſer

68 1371 734 87 Si poſſible eſt recommencer

66 1429 787 117 Aller paſſer temps a la chaſſe

64 1506 747 109 Nobleſſe teleſtat pourchaſſe

66 1579 785 107 Et nompas guerres et debatz

64 1657 787 111 Selon le temps ſont les eſbatz

62 1779 916 126 ¶Quant les cerfz ſont en uenoiſon

64 1870 854 108 Fiertez monſtrent et arrogances

59 1941 584 99 Et nya rime ne raiſon

64 2005 683 159 En iceulx durant la ſaiſon

858 2096 95 117 c.i.
