1668 2659
82 132 987 94 Mais que nous entendons leur change

68 210 752 100 Souuent repoſent a la fange

62 283 714 93 En la riuiere ou en eſtangs

59 356 843 102 A bien parler cerfz ne ſont francs

53 491 783 100 Long temps ya ie men recorde,

51 571 860 91 Quil uint des cerfz deuant nancy

55 653 898 82 Plains de rigueur hayant concorde

51 713 825 100 Qui uoulurent prendre diſcorde

44 786 683 89 A ung ieune ueneur, auſſi

48 868 801 89 Il leur en print mal dieu mercy

46 937 796 91 Le fief cerf au ruiſſeau mourut

46 1005 741 100 Car dieu le ueneur ſecourut

44 1145 920 100 ¶Les cerfz Dardanne courent fort

37 1232 896 86 Cuyz ont ferme et les teſtes dures

42 1294 1004 101 Mais quant lung des cerfz du boys ſort

39 1369 739 91 On en peult faire le rapport

46 1440 961 95 Du pied de ma marche ou rammeures

39 1515 695 87 Par deliberations meures

42 1582 689 95 Treuue ſe  moyen et facon

39 1655 666 106 Soy retirer en ſon buiſſon

31 1792 896 106 ¶Des cerfz on treuue aucuneffois

35 1879 929 93 Qui ne uallent pas que on les chaſſe

35 1954 730 82 Et ſi taſchent auoir le chois

42 2018 947 124 Des buiſſons ſont cerſz mal courtois

778 2085 111 110 c.ii.
