1584 2642
264 160 903 99 Dont la foreſt franche on eſbranche

262 235 936 90 La uoulant porter branche a branche

262 303 698 93 En une foreſt qui eſt loing

259 383 873 99 Bon droit de bonne ayde a beſoing

264 506 811 108 ¶Si le ueneur faict des tailliz

275 598 749 88 De ſes fortz ceſt en eſperance

259 667 928 96 Que ces cerfz nauront cueurs failliz

264 741 837 95 Enclorre en brief temps de paliz

262 819 795 81 Leſtrange foreſt par puiſſance

259 882 794 93 Puis de ſes tailliz habondance

264 951 672 92 Haultes fuſtayes baſtira

259 1025 747 104 Qui penſe bien,bien ſentira.

268 1164 888 99 ¶Dieu  le cueur du ueneur inſpire

264 1248 802 88 Car il le tient dedans ſa main

266 1316 749 88 Et ſi contre luy lon conſpire

268 1384 815 91 Conſpirateurs auront du pire

264 1466 905 77 Se en conſpirant ont le cueur uain

270 1538 849 78 Et fauldra que cueur inhumain

268 1598 943 92 Le ueneur monſtre quoy quil couſte

268 1671 890 103 Toute entrepriſe giſt en doubte.

275 1809 696 104 ¶A ceſte chaſſe penſerons

270 1889 816 99 Et ſur le texte mettrons gloſe

268 1970 802 86 Quant ſes mots conſidererons

273 2038 775 139 En noſtre cueur les noterons
