1595 2642
232 192 214 221 I

447 167 1004 97 E ueis la paix regner pour ung eſpaſſe

449 255 982 77 Par le uouloir diuin qui tout compaſſe

451 310 1005 103 Pan faiſoit lors ſes armonicques chantz

231 389 976 84 Simples bergiers et de ruſticque race

222 460 1049 90 Par prez et boys donnerent grant audace

226 526 1102 86 Aux fauniens que diſons dieux des chãps

226 598 1100 97 Mais mars miſt ſus un tas ď gẽs meſchãs

233 673 987 97 Qui aux buiſſons ſecretz ſe latiterent

235 752 970 75 Et ſans le ſceu de Minerue inciterent

235 808 1051 103 Pluſieurs chaſſeurs a prendre uenoiſon

233 885 1095 99 Quãt par les boys ⁊ buyſſõs ſaſſemblerẽt

235 959 1073 95 Les gens de paix et ſes amys troublerent

237 1034 1016 88 Plus que de Medee au depart de Iaſon

244 1100 1002 102 Tel eſt grant clerc qui ne uſe de raiſon

248 1237 948 101 Demogorgon print a Lahos diſcord

244 1323 914 77 Les elemenes ne peurent faire accord

244 1384 1029 102 Chaſcun diceulx ſe diſoit ſans droicture

246 1466 965 83 Premier moteur:fuſt a droit ou a tort

248 1543 893 70 Eternite qui bruſle:rompt:ou tord

246 1602 956 97 Le qui luy plaiſt allegua leur nature

244 1677 917 79 Et que la terre auoit la couuerture

246 1741 1047 92 Par ſon moyen mer nourriſſoit poiſſons

246 1820 996 93 Dyſeaulx en lair par diuerſes faſſons

244 1891 778 81 Auoir crees:auiſſi les clements

242 1955 1042 105 Pout ſon plaiſir faiſoit:neiges:glaſſons

251 2036 1035 119 Et ſouſtenoit tous humains:or penſons
