1586 2652
252 134 1026 95 Se neſt pas or tout ce quon uoit reluire

252 271 1128 102 ¶Quant le ſanglier eſt prins et mis a mort

247 351 865 95 Et tire hors de ſon buiſſon ou ſort

247 430 1035 78 Le ueneur doit prendre et couper ſa hure

243 492 951 98 Apres de oſter ſes traſſes faire effort

247 570 931 86 Puie ſoit fouaille et batu pat laccord

252 645 1064 88 Des aſſiſtens qui le prendre ont prins cure

243 724 1008 80 Oſtant ſon poil en le gardant dardure

241 780 915 95 Treſ bien frote le reſte ſoit deffaict

241 864 980 84 Comme eſt requis, en apres cela faict

243 930 1143 86 Droit de ueneurs et de chiens conuient rendre

234 1001 927 84 Si le ſanglier par ſes armes a faict

236 1071 854 95 Maulx infiniz ie conclus en effect

234 1140 1157 97 Que chaſcun ueult le bien de lautruy prendre

234 1213 1097 97 Raiſon par tout chaſcun ne ueult entendre

566 1292 431 91 Raiſon par tout

232 1496 827 108 Nobleſſe uoy qui taſche ſe allier

606 1432 311 95 ¶ Balade

225 1584 794 86 Auec legliſe et par amour lier

230 1655 962 88 Pource que peuple eſt deſpit et rebelle

227 1719 814 90 Et ne ſe ueult a droit humilier

227 1794 761 91 Nya raiſon,uilles uoy palier

225 1863 934 92 En eſcoutaut maint different libelle

225 1933 978 97 Proueſſe abruit par minerue et cibelle

230 2011 929 134 Sol retrrograde en oſtant ſa chaleur
