1586 2644
242 125 997 104 Pour les mutins tenir ſoubz ſa tutelle

247 202 866 102 Ιaſon ne peut refourrer ſa cotelle

251 268 922 104 De la toiſon dont il fut conquefteur,

242 348 991 92 Car Charlemaigne eſt le mediateur

251 423 911 92 Deuers celluy que nobleſſe rauoye

242 484 957 110 En commettant dauid royal paſteur

249 561 944 88 Pour y eſlire ung nouueau zelateur

247 630 1001 103 Qui fera cry de ſainct Denis montioye

251 702 1092 106 Tout bon uouloir dieu cõduit ⁊ pouruoye

251 841 995 110 ¶Sanxon le fort ſera le uray ducteur

244 918 936 102 Melchiſedech de biens miniſtrateur

242 998 940 94 Le bon Iacob ſes ouailles y employe

240 1068 840 84 Auſſi Noe de la uigne planteur

255 1136 984 89 De ſa liqueur uerrons augmentateur

249 1214 939 92 Se iuſte droit ſon eſtendard deſpoye

253 1284 1105 86 Tout bõ uouloir dieu conduit et pouruoye

577 1352 503 95 ¶Raison par tout

613 1429 298 91 ¶ Lacteur

251 1489 924 104 ¶ Triſte et penſif aggraue de ſoucy

253 1573 885 92 En repoſant et dormant a Nancy

247 1643 1109 93 Ap̃s que ie euz contemple quelque hiſtoire

249 1714 1001 94 Me fut aduis que en ung ſonge tranſy

255 1782 978 97 Ie ueiz Dauid qui me dit ces motz cy

249 1857 1078 86 Lieue toy ſus herault darmes Gringoire

247 1930 1078 86 Prens ton papier ta plume et eſcriptoire

255 1999 997 125 Metz par eſcript ce beau pſeaulme icy
