1664 2659
84 141 1140 102 Que feis ung iour pour le triumphe et gloire

84 212 1016 93 Duroy francois qui obtiendra uictoire

68 283 837 100 Sil ſe ſubmet ſoubz diuine mercy

70 361 939 124 Ioyeulx reſueil faict le cueur et clarcy

188 487 1245 109 ¶ Menus ꝓpos ſur le pſeaulme Benedictus do

186 578 1245 111 minus deus meus qui docet manus meas ad pre

181 649 821 97 lium:et digitos meos ad bellum

255 788 1062 109 Eenoiſtz ſont ceulx qui ueullẽt dominer

257 868 952 104 Gardans la loy cuidant faire regner

48 771 221 266 B

248 937 976 97 Amour et paix en augmentant iuſtice

53 1014 1138 96 Beinoiſtz ſont ceulx a qui dieu ueult donner

55 1085 1080 93 Les mains et doigz pour bataille ordonner

57 1161 912 95 Et corriger gens remplis de malice

51 1229 980 98 Affin que de eulx lerreur et le malyſſe

57 1302 930 89 Qui en peche les contrainct cheminer

59 1380 1001 95 Dont toy ſeulas congnoiſſance et notice

51 1446 1107 107 Mon dieu permetz que ta foy ie accompliſſes

53 1520 1091 101 Sans contre moy par courroux te indigner

46 1593 945 124 Selon raiſon on doit ſon train mener

53 1715 1133 133 ¶O monſeigneur quant tes faictz ie recorde

53 1814 838 96 Mon refuge es et ma miſericorde

53 1876 1045 129 Tout mon ſalut, mon bien et ſuſcepteur

48 1958 901 107 Qui hais orgueil deſpiteuſe diſcrorde

53 2036 878 126 Mettant en bruit aimable concorde

1175 2118 82 100 d.i.
