2081 3236
62 137 893 132 Et bien au long mes plaintes uous

59 237 200 97 escipre

62 266 893 138 Le mal cruel qui me tient ⁊ me presse

64 345 894 113 Me parforce uous dire ma destresse

62 417 901 116 Quoy dire; nõ. helas ie ne pourroye

64 480 904 126 plustot aussi de doleur ie mourroye

62 550 890 126 Que de uous dire tout ce q̃ ie ueulx

64 644 178 97 mettre

72 693 826 110 Et escripre cy dedans ceste lettre

72 752 896 116 Que uous lires si c est uostre plaisir

75 833 896 110 Et uoꝰ uueillez prendre tẽps ⁊ loisir

78 897 861 111 De mon coste le temps si m est trop

72 986 165 92 court

75 1035 896 116 Pour bien plorer le malheur qui me

72 1119 211 97 acourt

78 1173 896 105 Et si le iour dueil me uiẽt guerroyer

80 1243 902 99 Ne me suffist la nuit pour lermoyer

80 1313 899 94 Sãs reposer ne cesse de me plaindre

83 1380 891 100 Et si ne scay a qͥ me doys cõplaindre

83 1442 850 122 Ie fantasie ie compose chasteaulx

86 1504 877 119 Ie uois, ie uien, ꝑ terre, ⁊ ꝑ bateaulx

83 1591 902 86 Maĩtenant ris incontinent ie pleure

89 1653 869 113 Impossible est qu en ung lieu ie de-

80 1744 216 76 meure

89 1779 890 105 ie cours, ie trote, ie n ay poĩt de repos

86 1858 820 102 Et si ne puis a nul tenir propos

86 1925 834 97 Quant ie cuide prendre refection

89 1992 807 106 L ardant desir, et grant affection

94 2065 864 105 Que i ay mamye d acquerir uostre

97 2146 178 84 grace

97 2181 895 116 Me fait laisser uiãde ⁊ souppe grasse

97 2270 893 103 Et me cõtrainct demourer tout rauy

99 2340 893 95 Soit a banque et, a nopces, ou conuy

99 2391 894 114 Quant ie contemple uostre tres grãt

99 2475 243 92 beaulte

105 2536 887 106 esbatz, ne i eux, ne autre nouueaulte

110 2608 882 104 Ne me scauroiẽt tourner ne diuertir

102 2676 890 98 Que ie ne soye cõtraint de conuuertir

105 2740 887 110 En uous seule, cueur, corps, espoir ⁊

105 2823 135 102 ame

1016 121 905 124 Et uoꝰ tenir pour maistresse, ⁊ pour

987 215 176 70 dame

985 266 936 100 Le iour ⁊ l heure que ie ne uous puis

987 337 189 89 ueoir

990 404 929 108 Fait a mon cueur mainte douleur a

979 493 162 65 uoir

987 531 932 113 Quant i ay loysir de uous dire mes

998 617 251 92 plaintes

987 657 934 127 Mes grans souspirs, et piteuses cõ-

985 760 267 78 plaintes

990 798 934 108 Et qu il uous plaist de me prester la

993 889 183 92 teille

1004 930 925 127 Il m est aduis qu il n est ioye pareille

982 1008 947 103 Et si me sẽble q̃ ne scaurois gaigner

995 1086 932 100 Rien qui me sceust tant de bien espa

993 1178 164 75 gner

990 1208 923 113 Aussi ma mye sans m auoir mescon-

998 1318 173 76 gneu

1001 1361 915 95 Quant uous auez mon piteux cas

1001 1434 264 89 congneu

1006 1491 883 100 En regardant l amoureux en pitie

998 1561 942 100 Mõstre m auez maint signe d amitie

1012 1628 928 103 Et uoꝰ estes plusieurs fois declairee

1014 1701 896 92 Prompte, et preste, et bien deliberee

1012 1763 925 105 De subuenir a ma douleur extreme

1014 1825 902 116 En me donnant de confort mainte

1012 1920 199 86 treme

1014 1955 926 118 Et pour plus fort mon desir contẽter

1017 2041 926 105 Souuent uoꝰ oys une chãson chãter

1022 2100 907 105 Qui trop souuẽt me fait perdre mon

1047 2197 135 89 esme

1036 2232 896 122 Et proferer ces motz cy en moy mes-

1041 2329 103 84 me

1046 2364 894 125 Es tu pas bien eureux d 'auoir acqͥs

1039 2445 920 116 Ung tel support en amours tãt exqͥs

1048 2507 876 103 Es tu pas bien a toꝰ les dieux tenu

1047 2583 782 110 D estre si bien a ton desir uenu

1047 2645 826 117 Ie me tenoye le plus heureux du

1047 2734 202 86 monde

1041 2769 905 143 D auoir trouue dame de tel faconde

1514 2850 216 135 B. iiii.
