2081 3236
59 129 772 97 Qui leur dit en langaige court

56 191 894 113 Qui estes uous ne uous desplaise

62 266 734 98 Respondez sans faire le sourt

62 326 774 113 Est il cy chose qui uous plaise;

56 401 737 100 ⁋ Ad ce respondit l amoureux

56 461 861 107 Nous uoulons parler a ma dame

59 542 745 102 Et sommes des aduantureux

64 601 867 102 de la court d amours sãs nul blame

64 671 797 111 Dictes luy que si point elle ame

64 749 664 97 On a ayme aulcunement

59 814 815 97 A nous par amour sans diffame

62 889 728 95 Uiengne parler seretement

56 949 823 105 ⁋ Ie suis d amours uray citoyen

59 1019 853 105 (Dist l escuyer) depuis long temps

53 1092 702 99 Et si me appelle bon moyen

51 1162 791 89 Qui les amans seruir pretendz

56 1226 802 108 Puis cela dit ua sans contemps

62 1291 726 105 Faire a la dame son message

62 1369 753 92 Et luy dist (ad ce que i entendz)

64 1442 880 81 Que c estoyẽt gens de hault parage

62 1504 871 95 ⁋ Aux fenestres de faulx semblant

62 1582 682 92 Uint la dame tout ioyeuse

56 1644 896 87 Lors l amant deuint tout tremblant

64 1715 559 83 A chiere melencolieuse

62 1769 677 99 Et luy dist, dame gracieuse

56 1847 697 102 Ie suis celluy qui uiens icy

64 1914 640 100 Faire la queste perilleuse

67 1984 694 103 Du don d amoureuse mercy

62 2057 804 103 ⁋ Uous scauez que trois ans y a

62 2133 712 91 Que ceste queste ie poursuys

64 2197 702 100 Et comment on m en deuoya

70 2262 731 94 Dont contenter ie ne me puis

67 2338 731 86 Or maintenant uenu ie suis

67 2408 815 86 Mon corps du tout habandonner

67 2464 864 100 Pour uous seruir et iours et nuyts

70 2537 844 100 S il uous plaist ce don me donner

67 2615 777 87 ⁋ Lors ueiz du pauillon sortir

72 2675 829 99 Ung cheualier hault grant et fier

75 2742 893 101 Que crainte nõmoit sans mentir

80 2809 656 124 Qui est amant ua deffier

985 129 823 86 Mais l amant sans trop se y fier

985 272 780 78 Et comme uaillant cheualier

985 345 750 78 Le met ius du fer de sa lance

982 407 772 75 ⁋ Et quant crainte fut abatu

979 480 713 75 La dame se prent fort a rire

979 542 826 89 Et demande a crainte, que as tu

974 612 820 86 Pourquoy est ce que tu souspire

982 676 761 89 Et crainte luy respond, ce sire

974 741 766 86 Ung si gentil coup m a donne

979 803 934 103 Que ie ueulx sans plus me desdire

982 879 807 83 Que tout luy soit habandonne

979 943 934 106 ⁋ Sur ces motz uient dure responce

982 1013 742 89 Bien en point et bien fallere

985 1097 812 73 Qui de iouxter fait la semonce

982 1148 721 97 Disant plus n y soit differe

979 1232 659 78 Et d ung propos delibere

987 1291 923 100 De si tres grans coups se donnerent

979 1367 726 81 Que tous deux du fer acere

977 1421 723 99 Larcon de la celle laisserent

977 1485 915 100 ⁋ Soubdain remonerent toꝰ deux

982 1566 907 95 Tous prestz de frapper a oultrance

971 1639 904 89 Et s eslongne ung peu l amoureux

985 1696 723 94 Monte dessus perseuerance

979 1777 883 91 Puis contre son homme s aduance

985 1839 707 97 Et fait si bien eschac et mat

985 1903 669 92 De son escu et de sa lance

982 1987 699 81 Que dure responce il abat

987 2041 748 97 ⁋ Dure responce fut confus

985 2114 815 89 Quand il se ueit ainsi par terre

982 2186 794 95 Et huche a haulte uoix reffus

979 2246 845 97 Le priant qu il le uiengne querre

987 2319 797 89 Et que a l amant il face guerre

987 2389 786 86 Aultrement il mourra de brief

977 2459 915 86 Reffus uient qͥ sans plus enquerre

985 2524 788 94 Le ueult uenger de ce meschef

987 2594 891 91 ⁋ Mais auant que uenir en place

987 2658 735 95 Armer il se ueult de rigueur

990 2723 710 116 Sa lance prent de rude face

990 2791 673 153 Et son escu de cruel cueur

1551 2868 133 111 B. i.
