2123 3232
148 123 929 103 Point ne pensoye que uostre cueur

148 193 299 84 changeast

153 261 919 94 Ne que iamais a aymer se rangeast

150 336 922 76 Aultre que moy attendu la promesse

148 395 921 100 Que uous me feistes quãt ie uous

167 457 369 95 ditz promesse

150 538 898 84 Me promettant que ia aulire mary

148 600 916 97 Uous n auriez q̃ moy dõt suis marty

148 662 921 102 car soubz l espoir de uostre gẽtillesse

148 743 924 91 En me attendãt que uous tiendries

150 808 278 80 promesse

153 867 924 110 N auois uoulu point d autre femme

142 937 243 89 prendre

145 1010 927 105 Craingnant uers uous offencer et

142 1071 345 92 mesprendre

145 1144 929 100 On m a uoulu femme riche donner

142 1212 922 105 Que i ay uoulu pour uoꝰ abãdõner

145 1292 773 84 Il n y a fille si belle ne si saige

145 1349 846 97 Si opulente en or ou heritage

140 1430 905 80 Que ie n aye par desdaing reffusee

137 1492 927 91 Soubz uostre foy qͥ cest biẽ tost usee

137 1562 929 97 Et destournee pour autre amy auoir

137 1621 894 105 Et si n en puis la cause concepuoir

142 1702 914 97 ⁋ Rendu me suis tousiours a uous

140 1756 242 91 seruille

137 1823 900 105 Et au este contraint garder la uille

137 1898 927 100 Sans que i osasse aller a mon proffit

137 1974 929 83 Et neantmoins me laisses desconfit

134 2041 927 86 En uoulant prẽdre alyãce nouuelle

134 2100 903 95 Qui me sera dangereuse et cruelle

137 2165 921 110 Quant uous uoyez que i ay perdu

137 2240 337 95 mon temps

137 2308 921 99 De prime face semble q̃ par contẽps

137 2383 924 88 Et par mespris uoꝰ me uoulez qͥtter

150 2442 916 103 Sãs ẽuers moy uoꝰ uouloir acqͥter

145 2515 916 102 I acoit ce belle que ie croy q̃ de uous

140 2582 918 97 Ne me uoulez dõner ce dur courroux

153 2652 915 99 Mais sõt flateurs qͥ ꝑ dictz apparãs

140 2728 918 83 Ont tant flate uostre mere ⁊ parẽs

137 2790 913 121 Qu ilz uous contraignent maulgre

1101 134 437 94 uostre couraige

1104 207 905 102 A autre prẽdre que moy en mariage

1112 266 895 127 Si uous le faictes aux dieux me cõ

1112 347 278 83 plaindray

1104 406 905 113 Et si tres fort ⁊ si tres hault m en plain

1109 482 151 83 dray

1107 538 908 105 que par piete les dieux m en uẽgerõt

1101 622 911 97 Et contre uous q̃lque mal iugeront

1104 689 905 94 ⁋ Uoulez uoꝰ biẽ celui faire mourir

1101 746 860 107 Deffigurer, transir, et langourir

1099 826 854 84 Par ung moyen ⁊ facon rencherie

1112 883 895 102 Qui par .ix. moys uoꝰ a si fort cherie

1099 964 910 81 Souffreres uoꝰ mourir de desespoir

1093 1031 916 92 Cil qui a mis en uoꝰ tout son espoir

1096 1096 916 91 Uoulez uous bien q̃ celuy se defface

1093 1155 919 100 Qui tant de fois a baise uostre face

1093 1233 914 92 Las ie scay biẽ q̃ quãt ie uoꝰ uerray

1096 1300 913 95 Entre autres mains que bien tost ie

1091 1370 266 84 mourray

1096 1435 913 94 Et me sera plus cher mourir q̃ uiure

1091 1508 918 97 Quant uous uerray de mon amour

1091 1572 221 89 deliure

1099 1634 913 97 Et si cela par uostre faulte aduient

1093 1718 916 78 Et q̃ pour uoꝰ mourir il me conuiẽt

1101 1780 898 91 Ie uous supply qu en bien grosse es-

1091 1861 239 67 cripture

1085 1914 919 95 Uous facies mettre dessus ma sepul

1085 1990 148 81 ture

1088 2055 911 86 Et dessoubz gist ung enfant de rens̃

1085 2127 911 84 Digne d auoir sur toꝰ glorieux nom

1080 2197 919 78 Leq̃l mourut par trop fort amer une

1085 2262 914 83 Qui ne luy fut sur sa fin opportune

1085 2332 914 83 ⁋ A tout le moins quant uerres cest

1096 2392 194 83 escript

1096 2467 803 86 Conuertires uostre subtil esprit

1096 2534 878 94 A lamenter ⁊ dire en uous tout bas

1104 2599 884 91 las ie suis cause de ce tres piteux cas

1092 2668 783 100 Cause ie suis et le cruel moyen

1088 2739 838 89 De la mort dure de ce bon citoyen

1085 2817 905 107 I ay fait mourir celuy qͥ tãt me ama
