2081 3245
175 1611 769 125 Ors que titan dõne aux anti-

173 1665 316 103 pods lustre

73 1665 108 90 L

64 1725 866 113 Et que ꝑ phebe ꝑ son regard illustre

62 1803 839 89 Par europe gette ses rays luysans

67 1884 877 73 Que les hões sõt en leurs litz gisãs

67 1944 839 89 Ou nature du delict leur compose

70 2006 790 87 Que toute chose sensitiue repose

64 2068 883 106 Et que l on cesse d ouurer ⁊ labourer

67 2144 880 81 q̃ soubz silẽce on uoit tout ďmourer

70 2209 877 94 Fleuues ⁊ mers, forestz, bois ⁊ riuie

59 2285 882 89 que toute ueste se tire a sa taniere (re

62 2341 885 98 Et que i estois en mon lit bas ⁊ quoy

62 2412 874 94 ie me leur sur pie, ne scay pourquoy

73 2477 841 86 Ne la raison dont cela pouoit estre

75 2555 880 81 Et sur ce poĩt me mis a ma fenestre

75 2614 885 84 Qui regardoĩt en ung pre uerdoiãt

75 2682 874 84 Ou i apperceu ung hõme sermoyãt

70 2742 879 102 Qui a ꝑ luy faisoit de dures plaĩtes

75 2820 877 122 de grãs regretz et piteuses cõplaĩtes

1786 211 213 178 susann

976 1587 918 111 Tant qu il sembloit qu il deust ꝑdre

976 1668 195 87 la uie

976 1717 907 102 Et se plaignoit de fortune et d enuie

974 1787 912 97 Qui luy faisoient ung tresmerueil

966 1868 259 87 leux tort

976 1922 910 114 Sẽblablemẽt aussi de faulx raport

976 1998 812 100 Et de la uieille cruelle ialousie

974 2052 833 103 Dont procedoit toute sa fantasie

968 2125 920 108 Son descõfort, son mal ⁊ sa douleur

979 2201 909 102 Et quant ie uis son deul ⁊ sa fureur

982 2257 904 114 Ie m efforcay scauoir de poĩt en poĩt

979 2325 907 103 Que ie cõgneuz plainemmẽt sur la fĩ

985 2401 895 94 Lesq̃lz regretz mis par escript, affin

985 2468 898 92 Qu õ obuiast a ces faulx lãgagiers

974 2531 909 108 Qui plusieurs gẽs mettent en grãs

976 2609 274 84 dangiers

982 2660 909 109 Et s appelloit cil qui faisoit ce pleur

987 2742 901 100 L enfant bãny qui ayme par hõneur

1108 2809 761 125 ⁋ L enfant soy complaignant
