2081 3236
64 145 861 116 Mourir me fault sans que plꝰ puis-

62 248 216 94 se uiure

62 283 836 116 Et ne puis estre de ma uie deliure

64 360 865 103 ⁋ Ha mõ amy mõ soulas ⁊ ma ioye

62 431 863 105 F̶ault il q̃ uoye i aꝑcoiue et q̃ ie oye

56 498 872 100 M apeller ueufue d ũg hõme si parfait

59 558 870 116 Qui ne meffist onc par dit ne ꝑ fait

64 639 865 107 Le cruel mot rẽply de tout malheur

64 695 861 105 Me liurera au cueur maĩte douleur

78 778 850 95 Ha faulse mort pleine de toute ẽuie

64 838 865 103 Pourquoy as tu celuy priue de uie

75 905 854 108 Qui amoit tãt sa fẽme et ses ẽfans

62 978 867 100 Et si n auoit ẽcor q̃ trẽte quatre ans

75 1051 853 100 Pourquoy as tu un si ieune hõme pris

62 1119 867 86 qui de sagesse auroit bruit loz ⁊ pris

64 1186 865 105 Pourquoy as tu l hõe si tost estaint

67 1255 861 85 qui ne fut onc d mauuais uice ataĩt

75 1329 853 92 Pourquoy as tu oste de cestuy mõde

80 1398 849 90 Hõme remply de si grande faconde

64 1464 865 100 Pourquoy m as tu tollu le miẽ amy

62 1520 866 98 Qui ne dist onc rude mot ne demy

64 1601 872 97 Pourquoy as tu prins ꝑ extraction

62 1658 804 102 L homme remply de consolation

64 1728 869 108 Pourquoy uouluz surprẽdre si sou

67 1806 208 87 dain

67 1858 874 107 L hõme de qui ne uint onc de desdain

67 1946 861 84 Pourquoy as tu rẽdu mort ⁊ trãssy

67 2011 866 92 L hõme parfait qui a uescu sans s y

70 2071 877 99 Si i eusse este lors que tu fis l explet

75 2151 876 84 pas n eust este sans ꝓces ne sãs plet

72 2212 879 90 I eusse appelle de toy formellement

72 2286 834 81 Au consistoire et diuin parlement

70 2356 847 84 Et t eusse bien en garde d attempter

70 2416 815 89 Car efforcee me fusse de tempter

70 2483 881 95 tõ faulx uouloir ꝑ herbes ou racĩes

72 2548 878 94 Par brauuages ou autres medecĩes

72 2631 837 79 Et ce pendant par force d oraisons

75 2696 875 81 Uens ⁊ uoyages ⁊ deuotes raisons

78 2769 877 75 Que i eusse fait au celeste auditoire

78 2831 850 121 I eusse obtenu bien tost inhibitoire

955 140 926 105 Pour te deffendre d atẽter ne uenir

968 231 907 87 Contre l appel qui t est faict contenir

963 299 904 86 Mais quant as ueu mon amy loĩg

968 358 206 79 de moy

960 423 915 102 Et que i estoye de le ueoir en esmoy

955 488 920 94 Sur le chemĩ en un poure pourpris

966 571 904 84 Bien loing de gẽs tu l as soubdain

960 636 224 89 surpris

960 690 910 94 Sãs qͥl ait en iuilletz, couliz, potages

969 765 887 98 Dormitoires restaurãs et lauages

968 827 907 101 Que medecins aux paciẽs ordõnẽt

968 897 899 99 Et autres choses qu ilz leur baillent

969 978 296 84 et donnent

960 1038 926 89 Et le ior mesmes q̃ ie le cuidois uoit

960 1116 902 84 On m est uenu sa mort faire scauoir

960 1181 918 91 Le propre iour q̃ atendois sa uenue

969 1240 847 90 Las on m a dit ceste desconuenue

960 1310 918 94 Le propre iour que pensois le baiser

969 1388 901 91 Son seruiteur ne s est onc sceu taiser

960 1456 907 81 de me dire tout bas, ma damoiselle

966 1512 807 95 Las il y a trop piteuse nouuelle

963 1574 915 103 car nostre maistre s est ď uiure lasse

968 1650 907 105 Et par les chãps est mort ⁊ trepasse

971 1717 829 97 Ce qui m estoit a croire difficille

974 1790 904 92 Pas ne pẽsoye qu fussez si subtille

974 1860 909 86 De si mauluaise d auoir si tost tollu

968 1922 915 95 Celuy qͥ fut de tous gens biẽ uoulu

971 1990 915 97 Si i eusse sceu le mal auant la mort

971 2057 912 92 Mise me fusse biẽ tost en mõ effort

960 2127 918 108 Daller uers luy sans dormir nuyt

984 2211 200 78 ne iour

974 2259 915 108 Pour l amener mourir en son seiour

974 2335 915 105 si mourir lors il deuoit par presage

974 2389 909 110 Et s il n eust peu parfaire le uoyage

984 2472 899 92 Sans separer l ame d auec le corps

974 2526 907 111 a tout le moĩs en ses derniers recors

974 2602 915 100 Ie l eusse ouy, et lors par aduanture

974 2667 777 113 I eusse paye le tribut a nature

974 2734 918 105 Et fusse morte auec luy sans regret

982 2804 904 127 Car il n est deul ꝑeil au deuil segret

1635 2863 184 103 B. iii.
