2081 3236
78 164 888 108 Que fiere mort soubz terre l ãbasma

72 229 894 116 or suis ie biẽ sur toutes malheureuse

75 310 885 102 Or dois ie bien estre tres douloreuse

75 372 885 97 Par ce moyen uostre part uoꝰ aurez

75 442 888 94 de ma fortune ⁊ lors biẽ uoꝰ scaurez

78 504 885 108 Quelle doleur i ay pour uoꝰ endure

75 579 885 95 Mais ne scauries cõbien elle a dure

78 649 874 100 ⁋ Puis que dõcques tant de maulx

75 722 351 87 aduiendront

78 784 885 100 De ce fait cy ⁊ q̃ sur nous uiendront

78 857 888 92 Dueil, mal, soulcy, rage desmesuree

78 927 836 92 Douleur amer, et mort insesperee

72 992 883 89 Ie uous suply aussi fort cõme dieu

75 1049 885 105 Si prieres uers uoꝰ ont aulcun lieu

72 1124 875 102 Que pour l amour des doulx atou

83 1197 259 92 chemens

72 1262 886 91 Des doulx baisers ⁊ grãs acolemẽs

75 1345 883 78 qu en tout hõneur auõs ensẽble faitz

72 1396 883 95 et qu ẽ faueur de noz amoureux fais

70 1466 888 84 et souuenãce des parolles doulcetes

67 1539 891 87 Rondeaux, ballades, et doulces chã-

83 1607 254 86 sonnettes

67 1674 885 86 Que noꝰ auõs l ung de l autre receu

70 1752 869 79 Que ie ne soye de mon espoir deceu

75 1825 880 70 Ains me tenez ce que m auez promis

72 1879 880 86 Sãs q̃ ie soye par uoꝰ en oubly mis

78 1955 855 78 Et si tenir uous ne pouez promesse

72 2019 878 89 mais ꝑ rigueur messes ou rudesse

64 2076 891 100 Uous esties par uoz parẽs cõtrainte

75 2151 880 89 A mary prendre au moins ne soit ex-

72 2222 189 86 taincte

70 2286 885 84 L amour mutut de noꝰ tãt biẽ gardee

72 2354 891 86 mais l oubliãce soit par uoꝰ retardee

75 2421 880 86 En uous priãt que de cueur ennobly

72 2497 875 86 Iamais ne soye ꝑ uoꝰ mis en oubly

72 2559 888 89 Mais uoꝰ souuiẽne perpetuellemẽt

86 2621 788 86 De celluy la qui si cruellement

72 2699 888 89 Est affolle de uous ma chere dame

83 2750 892 108 Qu il est cõtraĩt plorer incessamẽt

70 2820 904 150 Et se uãter q̃ pour uous seulement

995 175 934 94 On le uerra bien tost mort soubz la

987 237 173 89 l ame

1122 318 713 83 ⁋ Autre lettre enuoyee par

1117 388 712 81 une fiancee a son fiance ab-

1120 444 477 95 sent du royaulme.

1630 428 405 135 ꝑ uous susan

1144 515 775 91 I toꝰ les chãtres ⁊ les musiciẽs

1136 579 785 97 flutes taboͬs ⁊ les dieux ãciẽs

998 660 923 84 Entreprenoyent de me faire ioyeuse

993 495 140 181 S

1001 730 920 84 Ilz ne pourroyent, car trop suys en-

990 795 248 84 nuyeuse

993 857 928 86 Trop triste suis, ⁊ trop melẽcolique

993 933 923 86 malheur me poĩt aigre soucy me picq̃

990 997 931 81 Ardãt desir sans fin me dõne assault

990 1065 926 81 Mõ poure cueur cẽt fois le iour tres-

995 1140 165 76 sault

993 1189 931 91 du trop grãt dueil q̃ secretemẽt porte

990 1270 929 94 Oncq̃s ne fut douleur de telle sorte

995 1340 834 75 Iamais n y eut fille tant desolee

1001 1407 869 84 Ne si treffort en son cueur affollee

998 1472 923 97 Le me sayse que supporte mon cueur

998 1537 926 94 De toꝰ esbas ⁊ de ioye est uaĩcqueur

995 1615 848 78 Tout mon confort et consolation

990 1688 834 81 Ce sont souspirs et lamentacion

987 1742 929 94 Mon passe temps ⁊ mon esbatement

987 1809 799 92 Est de penser continuellement

982 1884 923 89 tãt q̃ nuit en uoꝰ mõ doulx amy

985 1946 853 95 Et si n auray repos iour ne demy

993 2009 915 102 Iusques ad ce que uoye uostre face

987 2079 921 97 Et n est possible que homme du mon

990 2154 254 92 de efface

982 2213 931 98 Par autre sorte ma doleur tãt amere

987 2286 923 92 Ie n ay parent uoysine ne commere

990 2364 918 92 Qui me sceust faire prendre soulas

987 2435 214 70 ne ioye

990 2483 915 105 Iusques au iour que uous uoye ou

993 2575 243 70 que ioye

987 2623 915 92 Dire il uiendra auiourdhuy ou de-

985 2696 181 86 main

1006 2750 888 102 Et que uous tiengne par uostre blã

1006 2826 232 153 che main
