2136 3224
177 134 921 105 Nõ malade, mais saĩ ⁊ a uostre aise

185 212 912 96 Et iusq̃s la ne fault point q̃ se taise

174 284 914 94 Mõ poure cueur sãs fin de soupirer

180 351 902 92 Deust il mourir, ou de deul expirer

174 411 911 110 Car en pensant a ce q̃ me promistes

171 475 909 113 Quant cõge printes, et de moy uoꝰ

177 556 588 94 partistes

174 615 914 110 Que a la saincte iehan seroit uostre

171 701 223 78 retour

180 757 910 105 Et q̃ depuis uoꝰ n auez mõstre tour

180 832 913 86 N aucun semblant d auoir eu souue

180 905 228 86 nance.

180 967 916 83 De moy pour , las ie pers cõtenãce

180 1031 913 89 Et me sẽble quelque chose qu on die

182 1106 911 86 Que uous auez quelque grant ma

188 1179 206 86 ladie

180 1241 910 94 Qui uous ẽpesche de me tenir pro-

188 1313 451 89 messe

182 1362 916 110 Sont i ayau cuent si grãde destresse

177 1448 929 94 Que ie ne puis bonnement la celer

180 1515 797 88 Et si osoye par le pays aller

188 1582 878 86 Ie n eusse point iusques cy atendu

188 1649 908 89 D aller uers uous, mais eusse pre

196 1724 644 81 tendu

180 1783 916 94 Plꝰ d ũg moys a, de uoꝰ aller querir

198 1853 817 100 Si i eusse ose mon pere requerre

180 1915 881 105 Pieca y eust enuoye ung message

180 1990 908 97 Qui uous eust quis de passage en

201 2063 492 91 passage

185 2122 913 94 Et si uoꝰ eust tãt de mon deul cõpte

188 2200 916 83 Que uous fussiez sur ung cheual

188 2267 577 78 monte

188 2329 910 107 Pour uenir ueoir mon trespiteux

188 2401 255 86 affaire

193 2463 908 94 mais tout cecy helas ie n ay peu faire

196 2538 900 92 Dõt toꝰ mes sẽs se trouuẽt esbahiz

190 2614 825 80 Ose ie n ay me mettre par pays

198 2681 906 78 Car ce n est pas biẽ l estat d une fille

201 2740 889 83 D aller courir par cite, ne par uille

196 2812 910 105 Qui solitaire se doit tousiours tenir

1141 147 876 89 D en auoir fait mon pere souuenir

1141 212 874 93 Ie scay assez qu il y pensoit souuent

1120 290 897 94 et qͥl n eust craĩt pluye, gresle ne uẽt

1125 360 892 96 Froit gyure ou chault, tonnerre ne

1123 432 260 81 tempeste

1125 478 895 96 Ains eust de uoꝰ fait generalle q̃ste

1125 564 898 88 S il eust pense q̃ eussiez demoure tãt

1123 628 897 100 Car deux moys u q̃ tous les iours

1123 693 188 80 attent

1123 754 900 97 Uostre uenue, qͥ luy est biẽ loĩtaine

1123 830 900 86 Quãt est de mouie suis assez certaĩe

1128 900 892 88 Qu il n est fille a qui tant elle tarde

1120 961 903 100 De heure en heure aux fenestres re-

1128 1031 180 81 garde

1131 1090 822 97 De ca, de la, par mont et par ual

1131 1174 894 80 Et me sẽble quãt ie oy q̃lque cheual

1125 1238 895 89 Qui marche fier, q̃ fait les saulx ou

1131 1313 129 86 rue

1123 1364 902 102 Que c est le uostre, lors ie sors en la

1123 1456 126 70 rue

1128 1501 895 105 Hastiuement cuidãt que ce soit uoꝰ

1128 1577 897 91 et quãt ie uoy q̃ nõ est, mõ courroux

1128 1649 905 89 Ẽt ma douleur de moytie multiplie

1125 1708 908 94 Et a par moy le hault dieu ie suplie

1131 1783 900 94 que ꝑ sa garce il uoꝰ uieille garder

1128 1853 905 84 Et ramener, sans plꝰ gueres tarder

1128 1926 903 80 Et neantmoĩs m ẽ uois piteusemẽt

1131 1988 900 86 En ma chambre, faire secrettement

1133 2066 898 86 Mes grans regretz et piteuses com

1131 2135 266 84 plaintes

1133 2186 890 92 et si ma mere s aꝑcois de mes plaĩtes

1136 2259 892 91 D aultre coste ua plorer cõme moy

1131 2323 894 92 Et tout ce deul et langoreux esmoy

1133 2396 906 89 auõs ď uoꝰ, deux ou trois fois le ior

1131 2466 902 89 Parquoy uoꝰ pry sãs plꝰ faire seior

1133 2538 898 84 Que par deca biẽ tost uoꝰ en uenez

1131 2600 900 89 Et par pitie, par doulceur, ⁊ amour

1123 2670 905 97 A nostre deul, du confort uoꝰ donnez

1209 2732 819 94 ⁋ L acteur sur la complainte de

1209 2807 819 110 l enfant banny qͥ ayme ꝑ honneur
