2081 3236
70 142 647 95 Il se laisse par terre cheoir

70 213 723 99 Uaincu, demy mort, et confus

70 283 758 94 Et uoyant la dame au par sus

64 347 791 108 S en aller sans confort luy faire

67 420 896 105 Par luy sont cris et pleurs mys sus

67 482 696 105 Et se ueult occire et deffaire

64 542 794 124 ⁋ Et en augmentant sa tristesse

64 625 718 105 Cruaulte luy uient apportre

70 2165 904 100 Allez ailleurs sercher uostre auãture

80 2235 883 92 Ne querez plus en moy don ne mercy

80 2324 883 78 Car contre uous on est tant endurcy

75 2383 888 79 qu on ne qͥert, fors uostre descõfiture

72 2453 891 87 et puis qͥl fault en ꝑler par droicture.

72 2510 888 105 Rien ne gaignez de uous amuser cy

269 2588 459 79 Allez ailleurs. ⁊c.

80 2631 897 111 Si uoꝰ ayme ie plꝰ q̃ aultre creature

78 2720 882 92 Mais uoꝰ suffise q̃ danger ce poussy

78 2780 888 102 A de mõ corps si grant soing ⁊ soulcy

80 2858 872 119 q̃ riẽ ne puis, ⁊ pui pour ce sãs murmure

1001 142 804 98 Ung petit lay plain de destresse

998 202 918 105 Qu il ua lyre sans arrester

993 285 934 92 Et pour mieulx l entendre et gouster

998 355 810 84 Le lay l eut attrait et tout hault

987 423 748 83 Que ie mys peine d escouter

1004 488 801 86 Et est tel sans aulcun deffault

1090 560 793 89 ⁋ Lay ou rondeau enuoye par

1090 617 788 100 la dame a l amoureux uaincu.

1009 2235 591 89 ⁋ La dicte lecture finie

1228 2170 469 95 Allez ailleurs. ⁊c.

1014 2302 678 87 Il est tout blesme deuenu

1006 2356 791 100 Bien sembloit douleur infinie

1001 2429 756 95 Auoir en son cueur soubtenu

1009 2502 807 92 De parler s est longtemps tenu

1012 2572 882 97 En gettant de souspirs grant force

1006 2637 872 92 Puis quant son cueur s est reuenu

1014 2702 797 121 Ses regrets de nouuel renforce

1236 2774 410 89 ⁋ L amoureux

1025 2826 734 137 ⁋ Disant or ay ie bien perdu

1535 2915 178 102 B. ii.
