2136 3233
183 1096 804 78 ⁋ Il est uray que trois ans ya

180 1166 723 76 La beaulte d une dame sage

175 1233 682 76 En amours si fort me lya

169 1295 880 89 Qu en elle mys tout mon courage

169 1357 783 92 Cuydant y trouuer auantage

169 1433 842 86 Par ce qu on la nommoit sans si

169 1500 796 89 Et conquester d elle sans gaige

159 1559 704 92 Le don d amoureuse mercy

169 1643 675 78 ⁋ Ceste dame cy se tenoit

164 1702 809 92 En ung chasteau de belle sorte

164 1778 736 83 Honte la barriere en gardoit

161 1842 653 81 Et inconuenient la porte

159 1907 801 94 Parquoy l entree en estoit forte

159 1977 793 92 Mais touteffois ie la gaignay

159 2050 625 78 A hardiesse m en caporte

153 2117 731 81 Qui scet se ie m y espargnay

148 2176 663 89 ⁋ Liberalite fut la cause

156 2260 639 75 En partie, de ceste entree

148 2303 923 110 Instrumens y iouoient sans pause

151 2387 779 86 Mesmement apres la uespree

151 2446 668 91 Mais a la dame si sucree

151 2510 765 106 De qui le don ie poursuiuois

148 2583 812 92 Ne fut mon emprinse monstree

148 2645 715 97 Ne declairee de troys moys

145 2721 820 94 ⁋ Car dangier la dame gardoit

142 2788 823 127 Et faulx raport seruoient despie

1127 126 639 113 Enuie de pres regardoit

1151 202 639 107 Ialousie ie ne dormoit mye

1132 269 726 110 Dure responce et mocquerie

1130 344 736 103 Auec faulx semblant, et refuz

1130 420 647 91 Receuoient la seigneurie

1132 471 820 116 Dont ie me trouuay tout confuz

1132 541 877 121 ⁋ Long temps ie fuz en ce chasteau

1132 611 790 102 Que de passe temps ie seroye

1132 678 785 114 On m appelloit, cousin le beau

1130 757 693 99 Par ce que du fol ie faisoye

1127 824 801 105 Ie iouoye, saultoye, et danssoye

1135 886 758 105 Sans contrefaire l amoureux

1130 959 876 110 Mais dieu scet quel mal ie portoye

1127 1023 825 108 Et comment i estoys douloureux

1121 1091 783 102 ⁋ Et ainsi que ie poursuiuoys

1121 1166 839 100 Ma queste en grant peine et soucy

1124 1239 820 97 Et que bien fort ie m approchois

1121 1298 718 100 Du don d amoureuse mercy

1124 1360 761 119 Faulx raport ce pale et transsy

1119 1438 658 94 Par le moyen de ialousie

1119 1506 720 94 A dangier donna par ung si

1121 1570 745 108 De moy mauluaise fantasie

1116 1638 882 115 ⁋ Parquoy du chasteau banny fuz

1116 1705 817 116 Par dangier en douleur et raige

1113 1783 734 92 Et m en allay comme confuz

1108 1853 742 86 En une forest fort umbrage

1108 1915 828 108 Ou ie me tins comme saulaage

1108 1974 620 105 Et remply de sotte folie

1105 2052 753 119 Et s appelloit en bon langage

1103 2128 614 89 La forest de melencolie

1105 2195 747 89 ⁋ En ceste forest par rigueur

1100 2263 868 105 Sept moys fus, et plus largement

1105 2319 766 105 Mon logis estoit de langueur

1100 2389 836 100 Mon lict d amoureux pensement

1097 2470 763 81 Mon dormir estoit de torment

1094 2535 750 91 Ie n auoys esbatz que regretz

1092 2607 736 92 Mon disner de gemissement

1089 2675 704 81 Estoit, et de soupirs aigretz

1092 2739 863 103 ⁋ Mais une bonne et noble dame

1092 2807 817 151 Qu on appelle recongnoissance
