2136 3237
197 1578 161 141 D

351 1591 745 97 Ieux et deesses, que uous ay

353 1645 230 92 ie forfait

186 1704 896 106 Que ay ie pense; que ay ie dit; que

183 1764 273 105 ay ie fait;

180 1836 851 100 Ay ie commis aucune forfaicture

186 1917 850 81 Trosne diuin excellent et parfait

183 1977 910 102 Ay ie offence soit par dit ou parfait

180 2044 913 103 Dont ie doy ne sentir telle pointure

183 2109 907 92 Tout acident, toute male aduẽture

183 2176 907 114 Habonde en moy, dont ie suis tout

186 2241 208 95 deffait

191 2306 905 113 Si i ay fait chose qui soit contre droi

186 2392 156 73 cture

183 2449 745 102 Prenez pitie de ceste creature

186 2516 907 97 sãs regarder la grãdeur du meffait

189 2584 901 102 ⁋ Ie scay bien q̃ pas ne suis digne

186 2659 904 103 Moy qui ne suis que une uermine

189 2716 842 119 D auoit iamais honneur ne bien

191 2794 673 132 Inconuenient me domine

1136 1591 894 73 Malheur iusques aux os me myne

1134 1653 737 73 Rigueur me tient en son lien

1131 1710 805 94 Ie faitz, ie ditz, ie uoys, ie uien

1136 1780 805 94 Ie traueille, et si n acquiers rien

1139 1847 816 105 Tout mon bien ainsi se termine

1139 1923 600 83 Et si comme practicien

1136 1985 719 100 Ie ueulx faire chose de bien

1134 2050 899 91 Tout mon propose tumbe en ruyne

1131 2120 899 100 ⁋ O lachesis fulgent du nõ parcal

1139 2190 845 92 Ie me complains de uostre fatal

1134 2263 899 91 Mal dispose, quãt est de ma ꝑsonne

1126 2327 901 108 Uous m auez mys plus bas que le

1131 2389 192 90 metal

1131 2446 899 100 Et si uous ay de mon pouoir total

1131 2541 894 70 Bien obey, ainsi que raison donne

1134 2605 896 89 I ay eu de uoꝰ tant en yuer q̃ autõne

1131 2662 891 108 Ung peu de biẽ nom pas pleine une

1128 2740 178 89 tonne

1128 2791 894 146 mais quã ce uiẽt sur le poĩt prĩcipal
