2095 3236
62 132 876 121 De uoz facõs, ⁊ sauuages destours

59 191 879 124 Qui m auez mys soubz ces cruelz a-

56 283 424 113 En grant misere

728 280 210 67 (tours

59 334 879 127 Or uoy ie bien que aletho ⁊ megere

72 404 866 119 Me courent sus, et q̃ chascũ se ingere

59 471 879 119 Me faire ennuy, ce qͥl fault q̃ digere

59 555 456 113 Sans mot sonner

70 606 868 122 L ũg me ueult en mon fait raisõner

72 687 866 111 L autre me uiẽt en amours blasõner

62 752 847 119 Et tellement que ie suis a reffaire

62 814 882 116 Amour faincte si me ueult estonner

62 889 882 124 Et faulx semblant me uiẽt l assault

62 986 175 84 donner

62 1013 888 130 mourir m y fault, ie ne scay plus que

67 1124 124 97 faire.

329 1159 310 108 ⁋ L acteur.

86 2251 167 243 A

245 2273 554 83 Pres ces lamentations

242 2327 697 97 Et ceste complainte si dure

237 2394 729 103 Fait de grans exclamatiõs

70 2462 904 94 Comme ung homme qui fort endure

70 2526 880 89 Puis tumbe enuers sur la uerdure

80 2599 829 89 Demy mort tout blesme et transy

78 2680 688 78 En cryant, ha dame nature

86 2734 675 89 Me fauldra il mourir ainsi

83 2801 840 159 ⁋ Lors ie ueiz sortir d ung bocage

992 129 838 100 ung cheualier beau, grant et fort

971 191 773 97 Et bien monte a l aduantaige

982 269 837 89 Sur ung destrier de bon confort

991 326 769 108 Son harnoy estoit de support

991 393 731 95 Sa lance de doulce maniere

980 469 712 89 Son espee estoit sans effort

988 544 572 84 De continuelle priere

991 593 912 114 ⁋ Et cõme homme plain d asseurãce

991 674 688 95 Pas a pas en lesse menoit

980 746 696 89 Le coursier de perseuerance

974 809 724 88 Qui bien embride se tenoit

980 881 680 89 De bucifal me souuenoit

985 943 813 100 Le uaillant cheual d alexandre

977 1022 718 89 Uoire et si bien se contenoit

982 1051 886 127 Qu il ne faisoit bruyt ne esclandre

985 1156 715 92 ⁋ Et petit a petit s approche

985 1221 810 100 Et parle a l amant languissant

988 1299 777 87 Disant, escuyer sans reproche

982 1359 805 99 Uenus uous soit resiouyssant

990 1418 851 105 Pourquoy allez uous gemissant

993 1496 856 97 Qui est cause de uostre plainte:

996 1572 845 89 Est ce le dieu d amours puissant

998 1631 916 105 Declairez moy uostre complaincte.

996 1706 874 89 ⁋ Qui estes uous ce fait l amant

990 1769 759 94 Qui me uoulez reconforter.

1007 1847 712 86 Ie suis dit ce gentil galant

1001 1903 859 106 Bon espoir, sans plus en doubter

1001 1984 845 97 Se tu me ueulx ton cas compter

996 2049 764 97 Et declairer de point en point

1004 2122 723 94 En amours te feray monter

1007 2184 909 105 Si hault que ne t en plaindras point

1001 2254 805 94 ⁋ A ces motz reprent ces espritz

998 2324 686 86 Le transy ioyeulx deuenu

1001 2381 799 91 Disant, cheualier de hault pris

996 2459 753 92 Uous soyez le tres bien uenu

1004 2529 780 92 Helas ie uous suis plus tenu

1004 2583 891 105 Que a homme uiuant sur la terre

1007 2656 726 89 Ie uous diray par le menu

1007 2729 923 102 Qui c est qui fait a mõ cueur guerre.

1255 2799 399 113 ⁋ L amoureux

1565 2861 157 116 a. iii.
