2136 3222
145 139 695 99 Le don d amoureuse mercy

147 212 782 99 Par reffus qui m a mal rendu

142 279 685 86 Et espoir qui m a laisse cy

145 349 822 83 Ueu donc que traicte suis ainsi

145 418 940 94 Cruellement comme on peult ueoir

142 488 819 89 Qu on m appelle sans qu a ne si

145 561 808 86 L amoureux transy sans espoir

142 620 878 86 ⁋ Et puis que ainsi m est aduenu

145 687 892 91 Que les dieux m ont mis en oubly

139 754 804 86 Et que suis pour uaincu tenu

139 824 726 86 Par reffus de raige remply

150 891 747 89 Et que mon fait est acomply

153 963 843 86 Sans uictoire en amours auoir

153 1036 835 75 Qu on m appelle ie uous supply

153 1090 808 104 L amoureux transy sans espoir

150 1159 895 94 ⁋ Faincte amour tu m auois receu

150 1240 787 91 Si bien que que i en estois ioly

153 1310 916 78 Mais toy faulx semblãt m as deceu

155 1372 696 83 De ton langaige tant poly

155 1439 688 88 Dangier m a si fort amoly

147 1506 873 94 Que l on peult dire pour tout uoir

158 1586 717 73 Or est de tous points aboly

150 1648 811 89 L amoureux transy sans espoir

145 1707 819 102 ⁋ Prince pour auoir bien seruy

155 1785 833 78 Amours ou i ay fait mon debuoir

155 1844 763 105 I ay le nom d ung poure rauy

153 1927 806 89 L amoureux transy sans espoir

437 1981 301 91 ⁋ L acteur

158 2043 862 96 ⁋ Et quant ie ueiz son desconfort

153 2123 947 105 Par ce que ung peu le congnoissoye

161 2204 768 75 Ie luy cuiday donner confort

147 2266 839 86 Mais le tour pas ie n en scauoye

155 2333 796 78 Parquoy me remis en la uoye

158 2395 822 88 Ayant de son mal au cueur dueil

158 2467 782 99 Et depuis soubz une faulsoye

169 2529 663 102 Ie fais de l histoire recueil

325 2599 636 94 ⁋ Complainte de la fem

319 2668 648 86 me dessus le sercueil de sõ

319 2730 648 140 mary a la descendue d yce

322 2808 121 137 luy.

1120 1108 905 92 ⁋ Helas fault il maĩtenãt q̃ ie uoye

1123 1178 905 97 Le grãt malheur q̃tãt double i auoye

1117 1253 911 89 Helas fault il maintenãt soubstenir

1115 1318 916 86 Le mal qu auoye pressaige me uenir

1112 1396 919 83 Las fault il ueoir la ꝑte descouuerte

1106 1455 909 86 Qui ne sera par moy ia recouuerte

1115 1527 838 84 Fault il ouyr nouuelle si piteuse

1117 1602 849 86 F̾ault il porter chose si despiteuse

1112 1656 927 102 ⁋ Fault il q̃ i aye poͬ ioye ⁊ bõ cõfort

1115 1726 916 97 Douleur, despit, desespoir, descõfort

1112 1790 846 94 Fault il auoir raige desmesuree

1115 1866 854 88 Pour constance rassise et asseuree

1115 1933 905 104 Las fault il ueoir le corps du mary

1117 2005 153 75 mort

1117 2054 908 118 Sans que la femme se soubzmette a

1115 2130 223 97 la mort

1115 2190 892 129 Fault il q̃ uoye le uis noir comme

1120 2284 193 73 meure

1117 2317 911 126 De mõ amy sãs q̃ pres luy ie meure

1115 2416 902 102 ⁋ Mort ie targue, que ne uiens tu

1123 2475 263 94 assaillir ;

1117 2531 906 102 La cõpaigne de cil qu as fait faillir:

1120 2623 908 80 q̃ ne uiens tu de ton dard me darder

1123 2685 908 88 Sãs plus me faire lãguir ⁊ retarder

1117 2749 911 97 En mourãt uifz, ⁊ si ne puis mourir

1117 2816 890 129 Et n est hõme qui me sceust secourir

1166 62 589 128 Dame de pefy:
