2136 3213
131 117 860 86 Puis uient par horrible uigueur

136 184 767 94 A l amoureux bailler l assaul

270 1729 735 78 On espoir qui uoit assaillir

158 1716 110 163 B

273 1780 785 107 L amoureux si treslourdement

134 1863 795 80 Uient soubdain en place saillir

131 1919 748 91 Et frapper reffus asprement

134 1989 852 96 Mais pour en parler loyaulment

136 2053 783 94 L harnois de rigueur fut si fort

136 2133 668 86 Et trempe de tel hayment

134 2187 817 102 Que rien n y feist lors son effort

134 2257 777 99 ⁋ Si tres grande fut la meslee

134 2337 809 83 Que les combatans furent las

139 2409 761 75 Et se feust bien tost des meslee

139 2463 780 99 Ne feust danger plain de helas

142 2540 723 78 Qui a reffus donna soulas

142 2610 704 80 Promettant de luy secourir

136 2666 708 91 Et en cryant sainct nicolas

144 2733 756 91 L ung contre l autre ua courir

147 2797 927 153 ⁋ De si tres grans coups ilz tuerent

1101 117 756 97 Auquel par tres grande fureur

1101 190 922 104 Soubdainemẽt fist prẽdre ung sault

1093 1726 673 86 A cest eschac pour abreger

1096 1793 919 86 Que les lances tous deux bryserent

1104 1860 696 94 Et se uoulut reffus renger

1098 1919 767 97 Mais le uillain cruel danger

1104 1989 847 96 Ua contre espoir prendre la luytte

1101 2056 858 94 Et feist tant sans propos changer

1096 2128 857 99 Que a bon espoir donna la fuyte

1104 2190 908 123 ⁋ Reffus qui uoit l amoureux seul

1101 2270 713 91 Le frappe de tort et trauers

1109 2326 850 105 L amoureux qui est plain de dueil

1101 2399 831 93 Se deffend ruant maintz reuers

1101 2468 718 91 Et en se tournant a l enuers

1101 2535 627 91 Pour a son cheual obeir

1106 2605 783 91 Il apperceut par ces prez uers

1106 2666 772 105 Bon espoir qu on faisoit  fouyr

1109 2752 901 107 ⁋ Quant l amant se uit sans espoir

1101 2808 691 126 Et si fort naure par reffus
