2081 3236
86 167 845 116 ⁋ L amoureux transy sans espoir.

318 307 305 110 ⁋ L acteur

75 423 176 270 A

259 434 704 110 Insi que orose laisse la roge

234 528 238 78 couche

253 585 699 94 Du roy titan, et que la terre

70 676 164 68 touche

70 722 839 97 De son regard doulx et luciferant

64 798 888 99 Et q̃ aux humaĩs lueur ua preparãt

64 871 883 97 Lors que uenus les cueurs des ay-

67 941 316 89 mans presse

64 1016 883 86 Et que i estoye en l amoureuse presse

62 1081 863 89 Feru du dart dõt fut frappe phebus

62 1151 850 89 En meditant aux amoureux abus

64 1224 875 73 Las de dormir, et de repos nocturne

59 1275 885 102 Uoyãt le tẽps cler doulx ⁊ taciturne

62 1356 828 78 Et prepare pour recepuoir zephire

64 1418 886 84 Mõ poure cueur qͥ lamẽte ⁊ souspire

56 1483 888 89 Me cõtraignit prẽdre sentier et uoye

53 1547 888 108 Uers ung chemĩ q̃ pas ie ne scauoye

53 1618 824 99 Et tellement accelleray mes pas

53 1696 880 91 Sans obseruer ordre, train, ne co

51 1758 812 110 Que me trouuay bien pres d ung

64 1817 319 108 uert bocaige

64 1903 875 95 ou me arrestay au ioly chãt ramage

53 1960 886 100 Des oysillõs, qͥ leur deuoir faisoyẽt

56 2033 883 102 de biẽ chater, ⁊ leur chãt redoubloyẽt

51 2098 885 110 Si biẽ apoint q̃ riẽs n y fist musique

53 2168 824 107 Et ad ce son, et chant si dulcifique

62 2238 858 105 En passãt oultre sãs aucũ mot sõner

51 2311 869 107 Ie ouy le bruit d ũg ruisseau resõner

56 2367 864 119 Qui fluctuoit ung cours assez rassiz

45 2448 875 103 Le lõg d ũg pre, au pied d ũg roc assis

45 2521 875 94 ou me adressay cerchãt bõne auãture

59 2580 812 113 Et la ie ouys la piteuse lecture

45 2648 875 116 d ũg poure amãt pale, mesgre, ⁊ trãsi

45 2710 872 129 Qui sembloit bien au cueur auoir

45 2774 152 97 soulcy

51 2858 863 124 qui de teste, de corps, de bras, ⁊ maĩs

993 175 947 124 En dueil, et pleurs faisoit des gestes

1001 248 221 91 maintz

995 323 872 94 Plus que ne fist dydo la forcenee

993 393 917 100 Quant elle ueit par mer fuyr enee

979 458 950 102 A quoy cõgneuz qͥl n estoit pas cõtent

990 531 934 105 Et que de mal, ⁊ de dueil auoit tant

985 601 939 102 Que bonnement il ne scauoit q̃ faire

990 671 934 92 Et quãt ie ueiz son tres piteux affaire

987 728 934 116 ie me mussay derriere ung aiglãtier

985 809 936 97 Ou par escript mis son proces entier

982 876 939 89 Sans qͥl me uist, cõbien q̃ fusse pres

985 949 931 105 Cõme uerres bien au long cy apres

1276 1011 424 89 ⁋ L amoureux

987 1086 802 84 ⁋ Las que dira le poure desole

982 1156 899 84 L amant transy, l amoureux affole

974 1218 934 111 Qui n est d aulcun nullement cõsole

974 1299 405 78 Las que fera:

971 1361 918 95 Mais ou yra celluy qui son cueur a

960 1434 856 89 En une dame qui n a fait ne fera

963 1499 856 97 Compte de luy qui le rappaisera

963 1566 440 78 De sa doulceur:

963 1634 888 91 Que deuiendra l aymant plain de

955 1696 270 94 malheur

966 1766 934 100 L aymant qui a perdu sens ⁊ couleur

968 1839 899 91 Dont l on ne fait estime ne ualeur

944 1909 402 78 Aulcunement

955 1982 939 91 Doibt il point faire de souspirs lar-

947 2052 237 69 gement

958 2116 931 84 Doibt il point dire ⁊ crier haultemẽt

958 2186 925 100 Ie suis celluy qui ay trop follement

944 2262 410 78 amours seruy

958 2332 874 76 Par amour suis d une dame rauy

939 2381 926 102 La plus belle q̃ oncq̃s iamais ie uy

952 2470 751 86 A laquelle ie me suis asseruy

944 2524 491 86 De point en point

941 2594 929 105 Mais fortune qui tousiours picque

947 2669 224 89 et point

941 2737 832 91 A si tres bien ioue du contrepoint

941 2799 926 108 Que la dame pitie de moy n a point

963 2866 332 121 Ne de soulcy

1506 2893 156 181 A. ii.
