2136 3228
180 137 924 104 I eusse mys fin au mal q̃ ie supporte

164 217 922 95 Et aux dolleurs q̃ mon poure cueur

177 285 546 83 porte

166 347 931 94 i eusse mes yeulx fait cesser de plorer

164 414 925 94 Sans recõfort de personne implorer

169 492 917 83 i eusse a mõ corps du tout dõne repos

169 546 915 99 I eusse aboly toꝰ mes piteux propos

174 616 845 102 I eusse tenu compaignie a celluy

169 694 909 83 qui m aymoit biẽ aussi faisois ie luy

174 758 867 102 Ie feusse quitte des malheurs que

174 839 226 72 i auray

172 890 839 94 Et du trauail que ie supporteray

182 968 904 91 Mais tãt a fait mort si mal sauoree

169 1032 923 89 Que seule suis apres luy demouree

172 1092 909 96 Plaine de raige, de pleurs, et de des-

182 1167 530 89 plaisir

177 1240 917 91 Sans que iamais i aye a mon cueur

188 1307 683 81 plaisir

174 1379 918 92 En lieu desõat i auray trouble en ma

185 1436 162 94 teste

174 1517 920 86 Et pour repos fantastique tempeste

174 1584 842 81 En lieu de ioye et de consolation

177 1648 893 87 Pleurs, cris, souspirs, et desolation

174 1718 923 76 en lieu du corps q̃ souloye embrasser

182 1786 915 91 Fantasies de nuyt uiendront trasser

177 1848 917 91 Et perturber mon poure entẽdemẽt

177 1923 920 89 Sans que dormir ie puisse seuremẽt

172 1982 847 89 Et par apres que i auray endure

185 2060 915 86 Tant de maulx qͥ tãt m auront dure

185 2127 861 97 Et que mon corps plus porter n en

182 2186 234 87 pourra

182 2259 899 94 Cruelle mort guierez ne demourra

182 2329 896 97 Mais me uiendra soubdain priuer

188 2388 559 92 de uie

193 2464 858 91 Lors en despit de si mortelle enuie

193 2523 915 102 Dieu aydant dõt tout le bien redõde

193 2606 915 84 Face a face uerroy en l autre monde

193 2673 840 89 Mon bon amy, lequel appaisera

193 2738 891 91 Mon desconfort ⁊ a donc paix aura

196 2805 944 151 mõ poure cueur sãs q̃ plus il endure

1134 152 889 95 Tant de torment, et de peine si dure

1127 217 904 108 Et iusques la, q̃lque chose qu on dye

1127 282 904 108 Impossible est q̃ a mon mal remedie

1116 360 917 91 Mais uiseray mes iours piteusemẽt

1132 419 904 108 Iusq̃s au point de mon deffinement

1124 484 909 105 Uous priãt toꝰ q̃ dieu ⁊ nostre dame

1124 567 909 89 Uous suplyez deuotemẽt pour l ame

1127 629 850 89 De celluy la que i ay tant regrete

1129 694 904 96 Sãs que plus soit mon regret repete

1127 766 904 94 ⁋ A dõc se teust la bonne damoiselle

1127 836 901 86 Et tũbe a terre cõe une morte ozeille

1124 903 874 92 En mettant fin a ses piteux deuis

1128 972 900 93 Qui furẽt tristes plus que oncques

1124 1032 347 89 iamais ueiz

1124 1100 866 88 Et cela fait m en allay tout transy

1124 1180 885 86 En mon logis, ou ie mis tout ainsi

1121 1242 915 86 que uoꝰ uoyez par escript ceste espitre

1124 1315 882 86 Ou n y a loy, parraphe ne chapitre

1127 1382 906 86 Par laquelle on peust ueoir et co-

1143 1449 807 89 gnoistre

1119 1514 909 91 Qu il ne fault point iamais se mes-

1135 1592 339 73 congnoistre

1132 1657 891 86 Ne entreprẽdre sur l estat de persõne

1121 1729 877 81 Mais humblement prendre ce que

1124 1783 317 83 dieu donne

1127 1856 893 86 Et sur ce poĩt ie metz fin a ma lettre

1127 1920 906 92 Uous suplyãt q̃ si au sens ou mettre

1127 1995 842 78 y a deffault que uous le corrigez

1124 2052 869 102 Et que la chose a son point redigez

1124 2135 909 76 et ie pryeray pour fin au redempteur

1127 2197 866 100 Que tousiours soit de uous uray

1132 2264 288 103 protecteur

1296 2337 657 84 ⁋ Lettre enuoyee par .M.

1310 2396 656 92 D. a une ieune damoysel

1288 2472 673 94 le qui auoit promis le prẽ-

1280 2544 412 81 dre en mariage

1156 2611 129 148 R

1288 2611 753 97 Egret piteux qui mon cueur pi

1302 2687 290 83 que et point

1148 2733 861 108 Dueil recelle qͥ me met sur le point

1143 2808 885 132 de desespoir me cõtraint uoꝰ rescripre
