2096 3240
70 143 879 108 Uostre filz uient malheur, qui tout

67 226 243 103 m estonne

70 272 875 119 Et me cõpose chose qͥ n est pas bonne

72 348 857 113 Dõt tout mõ biẽ se c̃õuertist en mal

67 421 740 102 ⁋ Ha fortune ne faulse, et diuerse

64 496 638 100 uariable dure et peruerse

70 567 740 99 Pleine de pleur, et de meschief

83 629 855 100 Tousiours tu es aux bons aduerse

64 699 813 108 Et par toy tout leur bien se uerse

70 769 710 97 Et n en peut l ont uenir a chief

64 834 781 108 Les cheueulx faitz tirer du chief

67 904 683 95 Le grant, petit, le petit, chief

81 969 849 105 Bref, tout bien par toy se transuerse

72 1050 684 92 Et si ung homme de rechief

67 1107 656 108 Se cuyde leuer, tost et brief

83 1188 786 91 Tu le fais cheoir a l enuerse

70 1250 872 97 ⁋ Par toy taquĩ fut de chasse de rõe

72 1320 876 89 Par toy cathon si tres excellent hõme

72 1398 870 87 Fut depose iadis par les rommains

64 1458 881 89 Par toy xerses q̃ partout on renõme

70 1522 878 106 Fut desconfit empres athenes (cõme

67 1603 870 89 Le dit ualere) ⁊ de ses hõmes maĩtz

67 1668 870 87 Tu te ioues, et t esbatz des humains

72 1744 865 75 Et les manye ⁊ pellote en tes maĩs

75 1809 864 78 Ainsi que fait l enfancon d une põme

75 1876 864 78 Bref toꝰ tes faitz sõt si tres incertaĩs

67 1944 867 91 Si tres puissans, uariables, et uaĩs

72 2014 859 92 Que biẽ est fol qͥ se y confie en sõme

62 2070 637 103 Il n est uirgille ne omere

70 2149 651 78 Marcus tullius ne ualere

72 2227 630 78 Qui ne parle de tes abus

70 2270 707 97 Boece mainté ditz en profere

72 2346 759 92 En parlant des nobles perdus

75 2421 751 95 Poures mendians morfonduz

75 2489 692 89 Ignorans, clers et entenduz

83 2556 738 87 Chascun en parle et en confere

78 2616 867 102 Les ungz ont toꝰ leurs biẽs uẽduz

78 2694 724 81 Les autres les ont despenduz

83 2767 824 78 L ung est pour, et l autre prospere

86 2821 866 130 Si ie me plains de toy faulse fortũe

981 140 909 108 Qui tousioͬs au foible et au fort

972 221 140 84 une

956 286 929 89 Ie n ay pas tort tout le fait biẽ enqͥs

972 356 875 86 Ie me soulois au iour et a la lune

964 426 921 84 En tout honneur iouer auecq̃s l une

966 496 913 84 et auec l autre ꝑ propos biẽ exquis

966 561 916 84 Mais q̃lques gẽs sans en estre reqͥs

962 623 915 100 qui ne sõt roys, ducz, cõtes ne marqͥs

966 704 916 79 Rempliz d enuie, ialousie ⁊ rancune

972 774 907 87 Subtillemẽt un faulx moyẽ ont qͥs

966 845 913 81 Par le suport qͥlz ont de toy conquis

969 901 910 89 De me banir d elles sãs cause aucũe

962 961 882 104 ⁋ Mais quel besoing auiez uous

969 1044 662 81 Fortune, de faire de nous

969 1101 692 97 Diuiser, par telle maniere

969 1179 783 90 Si par ieux gracieux et doulx

964 1244 907 95 En tout honneur, et sans courroux

969 1320 851 86 Nous mettions chagrin derriere

966 1382 714 86 Enuie uostre chamberiere

964 1449 818 98 En a fait soubz uostre banniere

966 1525 913 89 Par faulx rapport ung bien ialoux

972 1579 864 95 Tant qu il fault baisser la uisiere

969 1663 673 78 Et se tirer du tout arriere

969 1717 854 102 A l escart, pour dangier des loups

972 1790 907 100 Faulse fortune, fragile, fantastique

969 1852 913 97 Folle, fumeuse, folliant, follaticque

972 1933 837 83 Fauorisant follastres follement

975 2003 823 89 Furieuse, femme furibundicque

972 2070 910 90 Faisant fremir felonneux fortifique

972 2133 913 97 Fortifiant faintifz folz faulsement

975 2203 907 100 Feu flãboyant fouldroyãt fieremẽt

969 2265 708 100 Felicite faillant fierement

972 2340 845 92 Ferme fierte, facheuse falcificque

975 2400 826 105 Fanee fleur, faillible failement

975 2473 904 86 Facille fin, frauduleux fondement

977 2546 873 83 De toy se plaint la totale fabrique

969 2613 665 92 ⁋ Discorde, et adulation

972 2678 481 97 Enuie, desolation

972 2737 834 103 Et faulx raport sont de tes gens

973 2816 544 127 Accident, tribulation
