2136 3233
118 169 933 135 Troys ans y a que traicte suis ainsi

129 255 922 116 Et que ie quiers uers la dame sãs si

126 331 836 100 Le noble don d amour se mercy

132 406 426 100 En forte raige

134 466 936 110 Tãt est belle, tãt prudente, ⁊ tãt sage

140 538 928 105 Si tres plaisant de corps et de uisage

140 608 938 97 Et en elle i ay tant ueu daduantage

142 678 448 100 Et tant de bien

137 732 939 122 Que ses yeulx uers, ⁊ gratieux maĩ

145 824 157 94 tien

156 870 920 116 Ses doulx parler, regard, ⁊ entretiẽ

148 953 941 100 Ont fait mon cueur estre entieremẽt

145 1015 939 111 Et n en puis plus (sien

153 1083 928 102 Mauldicte soit l heure que ie cõcludz

156 1163 930 95 de dame aimer car prĩs suis a la gluz

161 1220 925 102 Et mieulx me fust auoir este reclus

159 1301 817 91 Car me, ou chartreux

161 1352 923 119 trop entreprẽdre m a rẽdu maleureux

164 1422 930 110 Triste, pensif, lãguissant douloreux

169 1503 885 110 Fol, lunatic, estourdy, langoureux

172 1576 291 99 Et assoty

175 1624 879 113 Or fus ie bien mallement assorty

175 1710 906 100 Par fol desir, quant ie fus conuerty

175 1778 917 97 A dame aymer qui m en eust aduerty

191 1845 526 105 Plaisir m eust fait

175 1904 933 105 Mais q̃ dis ie, suis ie pas bien infect

183 1988 874 91 Bien deuoye desloyal imparfaict

183 2050 941 105 Ueulx ie faire d une uertus meffait

183 2123 547 91 Que ay ie conceu:

191 2195 871 97 Si la dame doulcement m a receu

188 2257 942 103 En tout hõneur, dis ie qu õ m a deceu

191 2327 939 97 C est mal cõgneu le biẽ qu en ay per-

210 2395 920 97 Par foulz esgars (ceu

196 2454 936 116 S il n y auoit q̃ les tres doulx regars

204 2535 928 110 Et beaulx semblãtz qu on a sur moy

210 2616 480 78 espars

199 2672 922 102 de nuit, de iour, ꝑ tout, en toutes pars

207 2742 580 103 C est trop grant chose

204 2799 942 102 Mais fole amour plꝰ fresle qu une rose

191 2869 925 140 Qui est en moy ꝑ fol cuider enclose

1100 164 876 118 Si ma iure q̃; ung tel regart dispose

1097 261 556 89 Plus grant approche

1100 320 884 100 Et me fait dire que c est trop grãt re

1103 412 188 70 proche

1092 447 898 102 A une dame, l oeil de laq̃lle acroche

1097 538 898 81 Ung poure aymant, de luy tailler la

1097 598 887 94 Si tressoubdain      (broche

1103 660 892 94 Ou de le mettre de demaĩ a demaĩ

1111 724 884 103 Puis l ẽuoyer sauuage cõe ung daĩ

1113 805 874 92 Dolent, confus, et rẽply de desdain

1111 875 375 102 Sans esperer

1111 926 825 113 Or suis ie preste a my desesperer

1108 1002 898 94 Que ne uiẽs tu mort sãs plꝰ diferer

1119 1083 887 88 M exterminer, meurdrir, deffigurer

1121 1150 537 92 Tout promptement

1121 1215 872 97 ha tres cruel amoureux sentement

1124 1271 893 119 Uoꝰ m auez mys boire abusiuemẽt

1132 1352 885 105 Dans ung bouillon, duquel aucu-

1132 1414 885 105 Sortir ne puis (nement

1135 1492 858 92 Long temps y a que dedie me suis

1135 1559 887 103 D amours seruir, pour y trouuer de

1130 1632 172 94 duitz

1138 1686 884 105 Et que la queste du dit dont ie pour-

1146 1753 874 103 Dont mal me uient (suis

1146 1823 876 108 Ie pars de deul, quant du temps me

1154 1907 248 97 souuient

1140 1955 885 108 Que i ay perdu, et q̃ aller me cõuiẽt

1135 2028 876 105 Sans reconfort, mon cueur mort en

1148 2096 877 113 Et tout confus (deuient

1140 2171 871 102 Responce n ay, fors langage diffuz

1148 2236 872 105 Mõdaĩs blasõs, faulx sẽblãt, ⁊ refuz

1148 2311 877 100 Et qui pis est, les pleurs ꝑ moy mis

1151 2370 860 116 Rien ne me seruent (sus

1148 2440 869 108 Fors que douleur sur douleur coa-

1148 2532 224 81 ceruent

1159 2572 871 114 Et mal sur mal sãs garisõ cõseruẽt

1151 2653 877 100 Ce sont amours, qui ces biens me re

1157 2710 876 116 faulx dieu d amours (seruent

1157 2777 873 113 De uous me plains ⁊ de uoz maul

1162 2871 283 114 ditz tours
