2122 3224
225 134 595 94 Malheur, inquietation

223 206 836 76 Ce sont tes bourreaux et sergens

217 271 813 89 Qui ne sont iamais negligens

223 343 815 84 A faire quelques maulx ingens

223 408 664 86 Aux gens de toute nation

215 470 788 99 Ce sont de malheur les regens

223 548 906 83 Tousiours prõptz, prestz et diligens

217 615 579 78 A donner molestation

223 687 903 86 ⁋ Sur moy sont faictes les nopces

223 749 231 89 peleus

217 822 821 88 Et de thetis, qui deceut protheus

217 886 856 86 Ou discorde la pomme d or getta

220 956 845 78 En la donnant a palas et uenus

217 1023 909 97 Ou a iuno au plus beau des corps

231 1085 188 89 nudz

217 1155 926 102 Ce qui grãt noise entre elles suscita

215 1222 788 94 Paris fut | iuge, et si les uisita

215 1297 917 81 Et pour uenus sentence intergetta

215 1362 914 86 Quant tous leurs cas furent par

231 1423 384 89 luy congneuz

215 1499 809 88 Qui pour loyer, a rauir l incita

215 1569 922 85 la belle helene, qͥ trop cher luy cousta

217 1638 904 86 Et plusieurs maulx en sont depuis

220 1700 204 86 uenuz

220 1773 777 86 ⁋ Aussi pour louer une dame

215 1843 844 86 Que chascun pour belle reclame

215 1907 823 89 Autant ou plus qu il en est point

215 1980 734 83 A tort m est uenu ce diffame

217 2049 737 84 Et si n y au coulpe ne blame

225 2106 912 97 Dieu le scet, qui tout bien conioinct

220 2186 815 86 Mais enuie qui picque et point

220 2254 686 86 Ma ioue de ce contrepoint

217 2323 864 84 Et de moy uous acompte blame

217 2383 864 99 Dont uous auez fait sur ce point

220 2460 818 86 Fortune, assembler tout a point

220 2528 753 83 Le conseil, de la haulte game

228 2592 901 105 ⁋ Du fort chasteau d angoisse et de

220 2651 231 102 tristesse

217 2726 858 95 Enuironne du fleuue de destresse

220 2791 785 124 Auez tenu conseil et parlement

1159 137 855 99 Ou assisterent, enuie la traistresse

1159 209 885 102 Et uostre filz maleur q̃ tout opresse

1159 274 753 96 Auec discorde et inconuenient

1159 338 683 105 Flaterie, trahison, accident

1156 413 896 94 Cõmune fame y fut semblablement

1159 480 893 103 Ou presidastes cõe dame et prĩcesse

1153 550 893 105 Sur le bureau duz mys tout prom-

1159 623 244 80 ptement

1159 682 898 102 Pour conspirer la facon et commẽt

1159 754 796 94 Banny serois de la noble deesse

1161 827 826 94 ⁋ Sur pie se droisse dame enuie

1161 891 702 92 Qui le feu des debatz au ye

1161 951 861 107 Disanr que la charge en prendroit

1156 1028 680 86 Et que par trahy son palie

1164 1098 745 86 Soubz umbre d amytie iolye

1153 1168 783 81 Au parfait du cas aduiendroit

1161 1235 853 97 Pourueu que discorde y uiendroit

1159 1303 785 94 Et que accident se y trouueroit

1156 1372 600 84 Pour y susciter baterie

1159 1437 785 91 Ce qui fut fait contre tout droit

1159 1509 640 86 Ou fuz tenu si a destroit

1151 1577 769 86 Que ie y cuiday perdre la uie

1159 1646 890 89 ⁋ Tantost apres enuie sans effroy

1164 1711 877 107 Banquetz fist faire, nom pas a mon

1169 1789 213 86 deffroy

1161 1848 891 94 Ou me trouuay, si fist la dãe chiere

1161 1920 885 97 Mais accident, remply de male foy

1161 1990 891 84 y fist uenir ung quidan ẽpres moy

1161 2047 896 99 Qui la dãe tenoit soubz sa bãniere

1151 2122 906 89 Et sur le poĩt qu õ faisoit bõne chiere

1156 2192 904 83 discorde y uit pour y mettre rẽchiere

1161 2264 891 81 Getta du fruict a chascũ endroit soy

1167 2332 893 96 I ẽ uouluz prẽdre ꝑ ioyeuse maĩere

1159 2401 901 78 mais le qͥdͥã me uoulut metre ariere

1161 2460 885 92 Dot il aduĩt un merueileux desroy

1161 2530 888 89 ⁋ Quant enuye uoit ces alarmes

1153 2600 896 92 Ces noyses, clameurs et uacarmes

1161 2673 735 80 Dit que cause suis du motif

1164 2740 882 83 Dont le dit quidam fuit aux armes

1159 2804 885 121 Et auec deux lasches gensdarmes
