1840 3196
936 237 164 101 (4)

314 343 1371 88 et ceux qui vont m’asservir à cette manie

317 420 1368 112 bizarre, une inconcevable difference, et je

317 524 1365 96 veux la connaître. Peins-moi ton Dolmancé,

322 612 1376 109 je t’en conjure, afin que je l’aye bien dans la

317 708 1376 101 tête avant que de le voir arriver; car tu sais

317 804 1376 96 que je ne le connais que pour l’avoir rencon¬

322 892 1374 101 tré l’autre jour dans une maison où je ne fus

322 988 1006 106 que quelques minutes avec lui.

669 1107 701 94 LE CHEVALIER.

389 1214 1323 107 Dolmancé, ma sœur, vient d’atteindre sa

325 1313 1381 106 trente-sixième année, il est grand, d’une

328 1406 1381 104 fort belle figure, des yeux très-vifs et très-

330 1507 1379 98 spirituels, mais quelque chose d’un peu dur

328 1598 1386 101 et d’un peu méchant se peint malgré lui dans

333 1683 1373 114 ses traits; il a les plus belles dents du monde,

330 1781 1390 96 un peu de mollesse dans la taille et dans la

338 1888 1374 77 tournure, par l’habitude, sans doute, qu’il

336 1973 1378 83 a de prendre si souvent des airs feminins; il

336 2061 1376 106 est d’une élégance extrême, une jolie voix,

330 2151 1387 118 des talens, et principalement beaucoup de

330 2247 811 110 philosophie dans l’esprit.

525 2375 1021 117 Madame DE SAINT-ANGE.

421 2495 1059 128 Il ne croit pas en Dieu, j’espère?
