1840 3200
871 287 208 85 (16)

274 381 1382 107 m’ont fait faire..., si tu voyais les jolis sour¬

274 469 1387 107 cils qui les couronnent...., Ies intéressantes

280 560 1376 112 paupières qui les bordent, sa bouche est très-

272 656 1381 109 petite, ses dents superbes, et tout cela d’une

266 736 1390 120 fraîcheur.... Une de ses beautés est la ma¬

277 832 1384 106 nière élégante dont sa belle tête est attachée

274 920 1390 117 sur ses épaules, l’air de noblesse qu’elle a

285 1010 1381 104 quand elle la tourne......... Eugénie est

290 1104 1371 114 grande pour son âge, on lui donnerait dix-

285 1200 1381 112 sept ans, sa taille est un modèle d’élégance

280 1296 1386 106 et de finesse, sa gorge délicieuse...., ce sont

282 1376 1390 109 bien les deux plus jolis petits tetons...., à

285 1477 1384 109 peine y a-t-il de quoi remplir la main, mais

277 1562 1395 115 si doux...., si frais...., si blancs ; vingt fois

285 1653 1387 125 j’ai perdu la tête en les baisant, et si tu avais

285 1757 1379 101 vu comme elle s’animait sous mes caresses...,

285 1842 1381 104 comme ses deux grands yeux me peignaient

288 1938 1381 107 l’état de son ame... ; mon ami, je ne sais pas

290 2034 1379 110 comme est le reste. Ah! s’il en faut juger par

293 2128 1376 104 ce que je connais, jamais l’Olimpe n’eut une

285 2216 1381 96 divinité qui la valût.... Mais je l'entends....

288 2306 1389 112 Laisse-nous, sors par le jardin pour ne la

288 2413 1378 109 point rencontrer, et sois exact au rendez-

296 2514 181 110 vous.
