1852 3154
789 247 202 105 (13)

394 354 979 95 Madame DE SAINT-ANGE.

276 438 1294 121 Il est bien sûr que je n’épargnerai rien pour

210 530 1365 121 la pervertir, pour dégrader, pour culbuter

213 622 1357 119 dans elle tous les faux principes de morale

205 709 1357 118 dont on aurait pu déjà l’étourdir ; je veux ,

205 801 1362 118 en deux leçons, la rendre aussi scélérate que

202 891 1368 118 moi.... aussi impie.... aussi débauchée. Pré¬

205 980 1360 121 viens Dolmancé, mets-le au fait dès qu’il

199 1080 1363 113 arrivera, pour que le venin de ses immora¬

197 1169 1370 121 lités circulant dans ce jeune cœur avec celui

205 1261 1360 108 que j’y lancerai, parvienne à déraciner dans

199 1364 1360 107 peu d’instans toutes les semences de vertu qui

199 1456 966 102 pourraient y germer sans nous.

526 1542 676 92 LE CHEVALIER.

265 1619 1292 118 Il était impossible de mieux trouver l’hom¬

189 1705 1363 132 me qu’il te fallait, l’irréligion, l’impiété,

186 1792 1373 121 l'inhumanité, le libertinage découlent des

181 1889 1378 126 Ièvres de Dolmancé, comme autrefois l’onc¬

186 1984 1366 126 tion mystique, de celles du célèbre archévêque

186 2068 1352 134 de Cambrai ; c’est le plus profond séducteur,

181 2160 1365 131 l'homme le plus corrompu, le plus dange¬

184 2249 1362 127 reux.... Ah ! ma chère amie, que ton élève

184 2341 1357 140 réponde aux soins de l’instituteur, et je te

184 2425 799 142 la garantis bientôt perdue.

244 2536 232 126 Tome I.

1191 2549 40 118 B
