1835 3154
802 243 166 85 (5)

528 331 683 110 LE CHEVALIER.

276 449 1285 95 Ah ! que dis-tu là? c'est le plus célèbre

210 541 1346 92 athée, l'homme le plus immoral..... Oh !

202 641 1356 94 c’est bien la corruption la plus complette

202 722 1359 108 et la plus entière, l’individu le plus méchant

199 814 1357 111 et le plus scélérat qui puisse exister au

197 912 244 110 monde.

362 1009 1020 102 Madame DE SAINT-ANGE.

262 1117 1294 113 Comme tout cela m’échauffe,  je vais raffo¬

194 1219 1328 103 ler de cet homme, et ses goûts, mon frère ?

528 1322 670 94 LE CHEVALIER.

262 1429 1294 100 Tu les sais ; les délices de Sodome lui sont

189 1524 1359 105 aussi chers comme agent que comme patient;

184 1611 1359 113 il n’aime que les hommes dans ses plaisirs,

184 1705 1361 95 et si quelquefois néanmoins il consent à es¬

181 1795 1372 110 sayer des femmes, ce n’est qu’aux conditions

186 1902 1365 95 qu’elles seront assez complaisantes pour chan¬

189 1981 1354 103 ger de sexe avec lui. Je lui ai parlé de toi,

178 2071 1362 110 je l’ai prévenu de tes intentions, il accepte,

178 2163 1349 92 et t’avertit à son tour des clauses du marché

186 2252 1365 110 Je t'en préviens, ma sœur, il te refusera

173 2354 1378 98 tout net, si tu prétends l’engager à autre

181 2433 1367 132 chose : ce que je consens à faire avec votre

1072 2546 163 100 A iij
