1808 3213
283 471 1407 110 dans les liens absurdes et dangereux d’une

291 562 1401 126 vertu fantastique et d’une religion dégou¬

289 677 1411 115 tante, imitez l’ardente Eugénie, détrui¬

294 781 1406 107 sez, foulez aux pieds, avec autant de

289 883 1411 121 rapidité qu’elle, tous les préceptes ridi¬

291 974 1412 137 cules, inculqués par d’imbécilles parens.

388 1140 1326 142 Et vous, aimables débauchés, vous

302 1255 1406 123 qui, depuis votre jeunesse, n’avez plus

299 1354 1409 123 d’autres freins que vos desirs, et d’autres

299 1456 1415 123 loix que vos caprices, que le cinique

302 1552 1409 132 Dolmancé vous serve d’exemple ; allez

310 1657 1401 120 aussi loin que lui, si, comme lui, vous

313 1759 1403 120 voulez parcourir toutes les routes de

310 1855 1404 131 fleurs que la lubricité vous prépare; con¬

316 1975 1403 105 vainquez-vous à son école que ce n’est

316 2056 1406 107 qu’en étendant la sphère de ses goûts et

321 2150 1393 125 de ses fantaisies, que ce n’est qu’en sa¬

318 2254 1398 112 crifiant tout à la volupté, que le malheu¬

326 2366 1393 113 reux individu connu Sous le nom d’hom¬

329 2463 1395 115 me; et jeté malgré lui sur ce triste uni¬

326 2551 1398 142 vers, peut réussir à semer quelques roses

326 2664 935 171 sur les épines de la vie.
