1835 3154
780 249 158 113 (7)

191 360 1362 118 de semblables propositions; l’homme est-il

186 457 1365 108 Ie maître de ses goûts ? Il faut plaindre ceux

194 538 1354 119 qui en ont de singuliers, mais ne les insulter

197 636 1346 107 jamais, leur tort est celui de la nature, ils

186 725 1357 110 n’etaient pas plus les maîtres d’arriver au

191 827 1354 100 monde avec des goûts différens, que nous ne

186 914 1351 92 Ie sommes de naître ou bancal ou bienfait.

184 1004 1359 92 Un homme vous dit-il d’ailleurs une chose de¬

191 1096 1352 110 sagréable en vous témoignant le desir qu’il a

194 1206 1349 92 de jouir de vous? non sans doute, c’est un

186 1279 1357 108 compliment qu’il vous fait; pourquoi donc

191 1371 1344 98 y répondre par des injures ou des insultes?

181 1456 1349 107 Il n’y a que les sots qui puissent penser ainsi,

189 1550 1351 103 jamais un homme raisonnable ne parlera sur

181 1645 1354 89 cette matière différemment que je ne fais ;

184 1734 1359 100 mais c’est que le monde est peuplé de plats

178 1818 1362 111 imbéciles qui croyent que c’est leur manquer

184 1918 1359 100 que de leur avouer qu’on les trouve propres

181 1997 1351 113 à des plaisirs, et qui gâtés par les femmes,

181 2094 1356 105 toujours jalouses de ce qui a l’air d’attenter

178 2181 1357 105 à leurs droits, s’imaginent être les Doms

189 2278 1348 103 Quichottes de ces droits ordinaires, en bru¬

184 2368 1359 107 talisant ceux qui n’en reconnainssent pas toute

181 2439 313 139 l'étendue.
