1816 3208
909 278 198 112 (10)

302 384 1377 105 Ies plaisirs du goût que je chéris avec tant

299 483 1380 97 d’empire. Trouvant aussi peu de difficulté à

302 582 1374 97 l’un qu’à l’autre, je me prêtai ; le Marquis se

299 657 1377 107 déculottant à mes yeux, me conjura de vou¬

296 761 1380 81 loir bien être encore un peu homme avec lui

304 842 1375 107 pendant que j’allais être la femme de son

302 935 1380 104 ami ; je le traitai comme Dolmancé, qui me

291 1029 1391 93 rendant au centuple toutes les secouses dont

302 1120 1377 104 j’accablais notre tiers, exhala bientôt au fond

294 1213 1385 102 de mon cul, cette liqueur enchanteresse dont

296 1307 1386 115 j’arrosais, presqu’en même temps celui de

315 1408 158 83 V....

484 1499 1016 115 Madame DE SAINT-ANGE.

374 1622 1302 99 Tu dois avoir eu le plus grand plaisir,

296 1716 1386 101 mon frère, à te trouver ainsi entre deux, on

294 1812 741 104 dit que c’est charmant.

652 1919 701 102 LE CHEVALIER.

353 2023 1326 96 Il est bien certain, mon ange, que c'est la

294 2119 1388 110 meilleure place; mais quoi qu’on en puisse

291 2213 1383 102 dire, tout cela sont des extravagances que je

294 2307 1321 107 ne préférerai jamais au plaisir des femmes.

492 2416 1003 96 Madame DE SAINT-ANGE.

363 2526 1311 112 Eh bien, mon cher amour, pour récom¬
