1852 3154
795 223 157 105 (9)

197 346 1370 85 me présente....  je veux au moins quelques

202 417 1363 98 apprêts ; gardez-vous en bien, me dit le Mar¬

202 507 1363 100 quis, vous ôteriez la moitié des sensations

202 601 1360 95 que Dolmancé attend de vous ; il veut qu’on

192 688 1375 97 le pourfende.... il veut qu’on le déchire ; il

197 788 1365 76 sera satisfait, dis-je, en une plongeant aveu¬

202 869 1363 98 glément dans le gouffre.... et tu crois peut-

197 961 1362 98 être, ma sœur, que j’eus beaucoup de peine...

202 1051 1355 100 pas un mot ; mon vit, tout énorme qu’il est,

205 1148 1360 92 disparut sans que je m’en doutasse, et je

205 1237 1362 95 touchais le fond de ses entrailles sans que le

205 1319 1357 108 bougre eût l’air de le sentir. Je traitai Dol¬

199 1414 1366 99 mancé en ami, l’excessive volupté qu’il goû¬

197 1506 1360 105 tait, ses frétillemens, ses propos délicieux,

197 1598 1360 102 tout me rendit bientôt heureux moi-méme,

199 1684 1371 105 et je l’inondai. A peine fus-je dehors que Dol¬

202 1782 1363 102 mancé se retournant vers moi échévelé, rouge

202 1874 1368 84 comme une bacchante : tu vois l’état où tu

199 1960 1376 103 m’as mis cher Chevalier, me dit-il, en m’of¬

199 2063 1374 89 frant un vit sec et mutin, fort long, et d’au

202 2147 1373 100 moins six pouces de tour, daigne, je t’en

210 2239 1365 102 conjure, ô mon amour, me servir de femme

205 2331 1368 97 après avoir été mon amant, et que je puisse

202 2412 1368 150 dire que j'ai goûté dans tes bras divins tous
