1852 3154
823 328 195 100 (15)

242 425 1357 92 certain Mistival, l’un des plus riches traitans

242 517 1349 111 de la capitale, agé d’environ trente-six ans ;

234 609 1360 103 la mère en a tout au plus trente-deux, et la

242 696 1352 110 petite fille quinze. Mistival est aussi libertin

242 788 1352 110 que sa femme est dévote. Pour Eugenie, ce

239 888 1352 100 serait en vain, mon ami, que j'essaierais de

239 972 1355 108 te la peindre ; elle est au-dessus de mes pin¬

234 1064 1360 97 ceaux, qu’il te suffise d’être convaincu que

234 1156 1352 100 ni toi, ni moi n’avons certainement jamais

234 1245 1089 98 vu rien d’aussi délicieux au monde.

565 1337 668 90 LE CHEVALIER.

297 1427 1289 92 Mais esquisse au moins, si tu ne peux pein¬

228 1516 1353 108 dre, afin que sachant à-peu-près à qui je

228 1608 1355 105 vais avoir à faire, je me remplisse mieux

220 1692 1284 108 l’imagination de l’idole où je dois sacrifer.

415 1808 968 92 Madame DE SAINT-ANGE.

289 1902 1294 90 Eh bien, mon ami, ses cheveux châtains

220 2000 1361 94 qu’à peine on peut empoigner, lui descen¬

218 2084 1363 94 dent au bas des fesses, son teint est d’une

213 2165 1365 103 blancheur éblouissante, son nez un peu

213 2257 1368 105 aquilin, ses yeux d'un noir d’ébène , et

218 2352 1365 89 d’une ardeur...., oh, mon ami, il n’est

220 2446 1350 95 pas possible de tenir à ces yeux-là.....,

218 2538 1355 116 tu n’imagines point toutes les sottises qu’ils

1151 2650 120 84 B ij
