1856 3196
938 279 160 89 (6)

312 380 1389 110 sœur, est, prétend-il, une licence,... une

304 476 1394 104 incartade dont on ne se souille que rarement

309 564 1061 104 et avec beaucoup de précautions.

490 703 1011 103 Madame DE SAINT-ANGE.

378 820 1326 114 Se souiller ! .... des précautions ! j'aime à la

301 921 1395 115 folie le langage de ces aimables gens ; entre

306 1017 1395 117 nous autres femmes, nous avons aussi de ces

304 1107 1394 107 mots exclusifs qui prouvent comme ceux-là,

306 1201 1395 106 l’horreur profonde dont elles sont pénétrées

309 1291 1387 112 pour tout ce qui ne tient pas au culte admis...

309 1379 1392 112 Eh, dis-moi, mon cher,... il t’a eu? avec

309 1475 1387 96 ta delicieuse figure et tes vingt ans; on peut,

312 1563 1053 117 je crois, captiver un tel homme?

658 1709 710 102 LE CHEVALIER.

384 1829 1312 115 Je ne te cacherai point mes extravagances

312 1922 1386 112 avec lui, tu as trop d’esprit pour les blamer.

309 2013 1389 109 Dans le fait, j’aime les femmes moi, et je

306 2106 1398 109 ne me livre à ces goûts bizarres que quand un

314 2202 1384 109 homme aimable m’en presse. Il n’y a rien que

314 2295 1387 109 je ne fasse alors ; je suis loin de cette morgue

306 2381 1395 111 ridicule qui fait croire à nos jeunes fréluquets

317 2476 1384 128 qu’il faut repondre par des coups de canne à
