1825 3200
845 212 192 92 (14)

442 296 990 114 Madame DE SAINT-ANGE.

325 400 1297 144 Cela ne sera sûrement pas long avec les dis¬

264 509 963 123 positions que je lui connais....

602 621 673 99 LE CHEVALIER.

330 696 1305 122 Mais dis-moi, chère sœur, ne redoutes-tu

256 792 1379 130 rien des parens ? Si cette petite fille venait à

264 888 1160 122 jaser quand elle retournera chez elle.

456 1000 992 104 Madame DE SAINT-ANGE.

336 1114 1312 99 Ne crains rien, j’ai séduit le pére.... il est

261 1202 1387 107 à moi, faut-il enfin te l’avouer , je me suis

272 1296 1382 114 livrée à lui pour qu’il fermât les yeux, il

269 1386 1385 128 ignore mes desseins, mais il n’osera jamais

274 1485 937 115 les approfondir.... Je le tiens.

627 1597 667 91 LE CHEVALIER.

357 1685 784 109 Tes moyens sont affreux.

448 1792 1043 106 Madame DE SAINT-ANGE.

362 1882 1305 126 Voila comme il les faut pour qu’ils soient

280 2000 176 104 sûrs.

627 2050 699 96 LE CHEVALIER.

357 2165 1313 117 Eh dis-moi, je te prie, quelle est cette

293 2269 528 117 jeune personne ?

488 2357 1003 91 Madame DE SAINT-ANGE.

365 2437 1313 152 On la nomme Eugénie, elle est la fille d’un
