1835 3154
205 373 1346 94 bientôt. Enfin, mon cher, je suis un animal

199 457 1341 97 amphibie, j’aime tout, je m’amuse de tout,

202 557 1341 94 je veux reunir tous les genres; mais, avoue-

194 646 1351 95 le, mon frère, n’est-ce pas une extravagance

199 733 1341 100 complette à moi, que de vouloir connaître

197 817 1335 102 ce singulier Dolmancé qui de ses jours, dis-

191 922 1341 84 tu, n’a pu voir une femme comme l’usage le

194 1022 1336 87 prescrit, qui, sodomite par principe, non-

186 1106 1341 92 seulement est idolâtre de son sexe, mais ne

181 1195 1349 84 cède même au nôtre, que sous la clause spé¬

176 1285 1356 97 ciale de lui livrer les attraits chéris dont il

176 1379 1340 100 est accoutumé de se servir chez les hommes.

178 1469 1341 100 Vois, mon frère, quelle est ma bizarre fan¬

170 1569 1349 89 taisie ! je veux être le Ganimède de ce nou¬

168 1655 1348 103 veau Jupiter, je veux jouir de ses goûts, de

165 1747 1351 100 ses débauches, je veux être la victime de ses

162 1837 1341 105 erreurs : jusqu’à présent tu le sais, mon cher,

157 1937 1357 94 je ne me suis livrée ainsi, qu’à toi, par com¬

157 2023 1349 103 plaisance, ou qu’à quelqu’un de mes gens

160 2113 1346 100 qui, payé pour me traiter de cette façon, ne

157 2207 1365 92 s’y prêtait que par intérêt; aujourd’hui ce

152 2297 1346 97 n’est plut ni la complaisance, ni le caprice,

155 2383 1343 100 c’est le goût seul qui me détermine..... Je

155 2478 1332 110 crois, entre les procédés qui m’ont asservie,

791 257 162 113 (3)

1075 2575 113 108 A ij
