1851 3154
175 865 128 173 V

299 523 1089 162 AUX LIBERTINS.

302 948 1230 129 OLUPTUEUX de tous les âges

147 1043 1391 129 et de tous les sexes, c’est à vous seuls

155 1145 1380 121 que j’offre cet ouvrage; nourrissez-vous

144 1245 1391 124 de ses principes, ils favorisent vos pas¬

141 1337 1397 134 sions, et ces passions, dont de froids et

144 1440 1391 123 plats moralistes vous effrayent, ne sont

139 1537 1391 134 que les moyens que la nature emploie

141 1642 1386 124 pour faire parvenir l’homme aux vues

139 1739 1385 135 qu’elle a sur lui ; n’écoutez que ces pas¬

134 1842 1388 129 sions délicieuses, leur organe est le seul

131 1942 1338 131 qui doive vous conduire au bonheur.

205 2086 1312 140 Femmes lubriques, que la voluptueuse

120 2189 1399 142 Saint-Ange soit votre modèle; méprisez,

118 2291 1396 134 à son exemple, tout ce qui contrarie les

118 2389 1388 144 loix divines du plaisir qui l’enchaînèrent

110 2491 452 118 toute sa vie.

189 2636 1307 157 Jeunes filles trop long-temps contenues
