1852 3154
747 231 197 94 (11)

176 325 1334 103 penser aujourd’hui ta délicate complaisance,

173 425 1339 98 je vais livrer à tes ardeurs une jeune fille

168 509 976 100 vierge, et plus belle que l’amour.

486 615 682 84 LE CHEVALIER.

234 717 1286 105 Comment, avec Dolmancé.... tu fais ve¬

157 812 729 100 nir une femme chez toi?

328 930 995 102 Madame DE SAINT-ANGE.

223 1032 1289 113 Il s'agit d'une éducation, c’est une petite

155 1135 1355 102 fille que j’ai connue au couvent l’automne

157 1224 1353 95 dernier, pendant que mon mari était aux

152 1322 1355 92 eaux. Là nous ne pûmes rien, nous n’osâ¬

147 1411 1352 102 mes rien, trop de yeux étaient fixés sur nous,

155 1503 1386 97 mais nous nous promîmes de nous réunir dès

149 1600 1353 100 que cela serait possible ; uniquement occu¬

152 1682 1360 115 pée de ce desir j’ai, pour y satisfaire, fait

149 1771 1353 95 connaissance avec sa famille. Son père est un

147 1866 1352 105 Iibertin.... que j’ai captivé. Enfin la belle

149 1960 1345 92 vient, je l’attends, nous passerons deux jours

147 2047 1349 97 ensemble.... deux jours délicieux, la meil¬

142 2139 1354 97 leure partie de ce temps, je l’emploie à édu¬

155 2231 1341 105 quer cette jeune personne. Dolmancé et moi

144 2320 1342 108 nous placerons dans cette jolie petite tête,

147 2412 1339 119 tous les principes du libertinage le plus ef¬
