1846 3196
908 221 146 122 (8)

463 340 996 107 Madame de 8AINT-ANGE.

359 434 1303 111 Ah! mon ami, baise-moi, tu ne serais pas

287 524 1375 112 mon frère si tu pensais différemment ; mais

285 620 1377 117 un peu de détail, je t’en conjure, et sur le

287 711 1383 119 physique de cet homme et sur ces plaisirs avec

290 822 138 112 toi.

623 849 711 115 LE CHEVALIER.

367 982 1303 117 M. Dolmancé était instruit par un de mes

293 1081 1382 106 amis, du superbe membre dont tu sais que

295 1174 1380 120 je suis pourvu, il engagea le marquis de V...

290 1262 1390 112 à me donner à souper avec lui. Une fois là, il

293 1352 1395 120 fallut bien exhiber ce que je portais; la curio¬

295 1446 1391 120 sité parut d’abord être Ie seul motif, un très-

301 1550 1379 106 beau cul qu’on me tourna, et dont on me

298 1632 1385 115 supplia de jouir, me fit bientôt voir que le

301 1723 1377 120 goût seul avait eu part à cet examen. Je pré¬

301 1811 1382 119 vins Dolmancé de toutes les difficultés de l’en¬

298 1906 1388 120 treprise, rien ne l’effaroucha. Je suis à l’é¬

301 2000 1422 120 preuve du bélier, me dit-il, et vous n’aurez

298 2093 1388 120 même pas la gloire d’être le plus redoutable

301 2191 1385 115 des hommes qui perforèrent le cul que je vous

298 2279 1385 123 offre. Le Marquis était là, il nous encoura¬

308 2375 1375 120 geait en tripotant, maniant, baisant tout ce

298 2468 1374 131 que nous mettions au jour l’un et l’autre. Je
