1840 3198
306 397 1379 93 fréné, nous l’embrâserons de nos feux, nous

309 469 1376 103 l’alimenterons de notre philosophie , nous lui

312 562 1373 101 inspirerons nos désirs , et comme je veux join¬

309 658 1381 104 dre un peu de pratique à la théorie, comme

317 746 1371 112 je veux qu’on démontre à mesure qu’on dis¬

314 834 1382 104 sertera, je t’ai destiné, mon frére, à la mois¬

309 932 1405 99 son des myrthes de Cythère, Dolmancé à

314 1020 1384 112 celle des roses de Sodome. J’aurai deux plai¬

320 1116 1384 93 sirs à la fois, celui de jouir moi-même de ces

322 1199 1382 98 voluptés criminelles et celui d’en donner des

325 1289 1381 110 leçons, d’en inspirer les goûts à l’aimable

325 1388 1376 96 innocente que j’attire dans nos filets. Eh bien,

325 1484 1376 107 Chevalier, ce projet est-il digne de mon ima¬

333 1577 312 101 gination ?

672 1636 706 101 LE CHEVALIER.

397 1742 1320 118 Il ne peut être conçu que par elle , il est

330 1846 1379 104 divin, ma sœur, et je te promets d’y rem¬

330 1932 1382 109 plir à merveille le rôle charmant que tu m’y

333 2025 1384 104 destine. Ah ! friponne, comme tu vas jouir

325 2116 1392 95 du plaisir d’eduquer cette enfant ; quelles dé¬

333 2209 1387 101 lices pour toi de la corrompre, d’étouffer

341 2307 1384 88 dans ce jeune cœur toutes les semences de

336 2387 1386 123 vertu et de religion qu’y placèrent ses insti¬

346 2489 1363 120 tutrices. En verité cela est trop roué pour moi.

912 287 199 88 (12)

1466 2593 262 90 Madame
