1857 3216
947 245 137 103 (2)

311 353 1379 113 ne dînons qu’à sept, nous aurons, comme

319 450 982 123 tu vois, tout le temps de jaser.

542 527 933 110 Madame DE SAINT-ANGE.

386 616 1301 118 Sais-tu, mon frère, que je me repents un

311 712 1366 116 peu, et de ma curiosité, et de tous les pro¬

305 806 1380 118 jets obscènes formés pour aujourd’hui; en

311 884 1376 121 verité, mon ami, tu es trop indulgent, plus

313 980 1374 129 je devrais être raisonnable, plus ma maudite

316 1082 1377 107 tête s’irrite et devient libertine : tu me passes

311 1168 1376 129 tout, cela ne sert qu’a me gâter..... A vingt-

308 1259 1379 123 six ans, je devrais être dejà dévote, et je

316 1353 1379 121 ne suis encore que la plus débordée des

313 1436 1374 134 femmes..... On n’a pas d’idée de ce que je

316 1532 1379 126 conçois, mon ami, de ce que je voudrais

305 1632 1393 110 faire. J’imaginais qu’en m’en tenant aux

316 1723 1385 120 femmes, cela me rendrait sage; .... que mes

316 1811 1382 115 desirs concentrés dans mon sexe, ne s’exha¬

313 1892 1382 118 Ieraient plus vers Ie vôtre; projets chime¬

311 1988 1390 118 riques, mon ami, les plaisirs dont je voulais

308 2087 1393 121 me priver, ne sont venus s’offrir qu’avec plus

308 2181 1390 115 d’ardeur à mon esprit, et j’ai vu que quand

305 2267 1388 131 on était, comme moi, née pour le liberti¬

311 2361 1387 126 nage, il devenait inutile de songer à s’impo¬

316 2454 1382 164 ser des freins, de fongueux desirs les brisent
